1572 2378
580 166 807 205 MARCUS
846 166 1091 206 TULLIUS
1130 166 1332 206 CICERO

350 257 513 305 propius
532 255 727 293 accedere
755 255 880 307 (malo
907 258 1016 293 enim
1043 269 1131 294 esse
1160 259 1203 294 in
1231 255 1459 295 Tusculano
1483 261 1555 295 aut

351 329 506 376 uspiam
525 329 567 363 in
587 326 847 378 suburbano),
869 340 922 364 an
942 329 1065 365 etiam
1085 327 1245 378 longius
1264 325 1555 367 discedendum

351 402 485 448 putes,
521 397 663 435 crebro
699 397 751 436 ad
788 410 855 436 me
892 397 1015 436 velim
1053 398 1214 437 scribas.
1293 397 1384 437 Erit
1418 401 1556 438 autem

351 468 516 516 cotidie,
535 472 600 506 cui
619 469 702 507 des.
761 469 880 517 Quod
911 475 1123 520 praeterea
1148 470 1337 518 consulis,
1355 469 1455 523 quid
1481 470 1556 510 tibi

351 552 539 578 censeam
558 539 805 587 faciundum,
825 540 986 578 difficile
1007 546 1084 589 est,
1103 554 1196 579 cum
1214 542 1353 580 absim.
1407 540 1557 582 Verum

351 616 503 658 tamen,
537 614 570 650 si
602 625 718 663 pares
751 625 879 662 aeque
913 619 1022 651 inter
1054 626 1108 660 se,
1145 612 1448 665 quiescendum,
1481 615 1558 662 sin,

351 682 473 721 latius
517 684 700 721 manabit
747 688 790 722 et
836 683 1002 734 quidem
1044 684 1097 722 ad
1143 697 1231 732 nos,
1266 684 1419 723 deinde
1456 697 1560 724 com·

352 756 540 793 munitet.

893 889 975 927 XII
981 889 1024 927 Ic

748 981 887 1006 cxcssno
916 981 1057 1006 Αττιεο
1085 981 1163 1007 SAL.

69 1058 147 1098 Ser,
168 1057 206 1095 ξπ
410 1048 541 1087 Avide
560 1054 677 1086 tuum
698 1049 908 1087 consilium
927 1055 1130 1100 exspecto,
1179 1050 1334 1098 Timeo,
1348 1064 1401 1090 ne
1419 1051 1560 1098 absim,

71 1111 247 1164 Arpinati
270 1111 339 1148 ΠΙ
355 1133 447 1157 cum
480 1120 621 1158 adesse
654 1133 721 1158 me
753 1123 807 1158 sit
840 1120 1073 1166 honestius;
1119 1126 1276 1159 temere
1308 1123 1447 1161 venire
1477 1133 1560 1160 non

74 1165 246 1261 ἔῖοΝου·
268 1179 303 1203 α’
355 1193 497 1233 audeo.
575 1192 638 1230 De
682 1192 837 1230 Antoni
878 1193 1091 1230 itineribus
1137 1195 1275 1231 nescio
1310 1192 1407 1245 quid
1443 1193 1562 1233 aliter

356 1264 489 1311 audio,
504 1269 627 1315 atque
647 1269 694 1302 ut
713 1262 764 1301 ad
784 1269 827 1301 te
846 1264 1080 1302 scribebam.
1130 1263 1280 1302 Omnia
1298 1266 1422 1315 igitur
1440 1263 1560 1304 velim

356 1336 534 1387 explices
554 1341 597 1373 et
615 1335 667 1373 ad
686 1348 752 1373 me
772 1339 884 1373 certa
903 1337 1051 1373 mittas.

411 1407 475 1446 De
505 1407 662 1458 reliquo
692 1405 789 1458 quid
819 1406 894 1444 tibi
926 1419 1003 1457 ego
1033 1406 1194 1444 dicam?
1261 1404 1399 1446 Ardeo
1427 1404 1562 1446 studio

354 1480 546 1519 historiae
565 1477 876 1531 (incredibiliter
890 1480 999 1516 enim
1013 1491 1079 1516 me
1096 1484 1325 1517 commovet
1338 1483 1409 1518 tua
1424 1476 1562 1518 cohor·

354 1548 498 1603 tati0);
525 1562 629 1601 quae
648 1548 815 1600 quidem
833 1561 911 1586 nec
930 1551 1088 1587 institui
1109 1561 1185 1586 nec
1205 1549 1306 1587 effici
1325 1554 1463 1600 potest
1474 1550 1562 1588 sine

355 1628 426 1661 tua
444 1634 532 1672 ope.
591 1620 731 1658 Coram
754 1622 878 1670 igitur
894 1619 973 1658 hoc
995 1619 1161 1671 quidem
1190 1620 1456 1671 conferemus.
1512 1618 1562 1659 In

356 1694 585 1744 praesentia
614 1691 714 1729 mihi
745 1691 865 1729 velim
896 1691 1057 1738 scribas,
1086 1691 1231 1742 quibus
1261 1691 1491 1730 consulibus
1517 1690 1561 1730 C.

359 1765 534 1802 Fannius
564 1763 619 1801 M.
650 1762 676 1802 f.
707 1762 894 1800 tribunus
921 1762 976 1813 pl.
1006 1761 1141 1802 fuerit.
1200 1762 1351 1801 Videor
1375 1762 1475 1801 mihi
1492 1774 1562 1802 nu·

356 1836 462 1874 disse
484 1835 525 1874 P.
547 1834 752 1881 Africano,
774 1833 817 1872 L.
842 1833 1039 1871 Mummio
1059 1834 1301 1872 censoribus.
1363 1833 1410 1872 Id
1438 1835 1564 1885 igitur

356 1920 515 1960 quaem.
572 1906 633 1944 Tu
654 1904 753 1942 mihi
773 1904 825 1942 de
845 1907 892 1942 iis
912 1905 1045 1951 rebus,
1066 1917 1169 1956 quae
1197 1909 1408 1952 novantur,
1428 1907 1562 1944 omnia

357 1983 482 2026 certa,
501 1978 615 2017 clara.
675 1987 718 2014 111
742 1975 837 2013 Idus
857 1988 907 2014 ex
928 1975 1126 2027 Arpinati.

360 2148 440 2189 416
