1572 2378
561 156 789 195 MARCUS
829 157 1074 196 TULLIUS
1113 157 1313 197 CICERO

331 244 438 282 Nam
468 244 644 296 epistula
675 244 894 292 Leonidae,
925 258 1046 296 quam
1076 245 1129 284 ad
1157 259 1224 284 me
1253 248 1411 295 misisti,
1440 246 1538 299 quid

331 309 469 358 habet,
487 323 650 361 quaeso,
670 312 714 348 in
733 323 814 362 quo
832 324 981 362 magno
1001 324 1124 362 opere
1143 311 1370 351 laetemur?
1415 312 1541 351 Num-

330 389 452 427 quam
469 375 540 414 ille
558 375 659 414 mihi
678 378 775 415 satis
793 376 948 415 laudari
967 376 1186 425 videbitur,
1204 390 1297 416 cum
1321 380 1380 417 ita
1403 377 1540 417 lauda—

332 443 464 480 bitur:
493 440 624 489 “Quo
643 441 764 479 modo
790 455 899 480 nunc
925 441 1028 481 est.’'
1086 443 1180 480 Non
1199 447 1264 481 est
1282 442 1445 482 fidentis
1463 442 1541 482 hoc

331 509 623 555 testimonium,
661 507 733 546 sed
771 510 906 559 potius
942 510 1138 547 timentis.
1208 508 1367 547 Herodi
1402 514 1541 549 autem

331 573 579 621 mandaram,
593 578 640 612 ut
653 573 754 611 mihi
775 575 869 613 κατὰ
886 574 996 625 μίτον
1014 575 1221 613 scriberet.
1262 574 1299 612 A
1314 587 1395 626 quo
1407 573 1542 614 adbuc

332 638 443 676 nulla
474 638 614 676 littera
645 643 721 677 est.
787 638 953 686 Vereor,
982 652 1036 678 ne
1068 639 1170 677 nihil
1204 639 1404 687 habuerit,
1433 638 1542 692 quod

332 702 444 750 mihi,
465 716 558 740 cum
577 716 829 754 cognossem,
848 703 1070 742 iucundum
1090 709 1256 755 putaret
1274 703 1373 743 fore.

385 769 507 817 Quod
535 768 588 807 ad
619 769 835 807 Xenonem
864 772 1071 820 scripsisti,
1103 769 1220 808 valde
1251 769 1352 808 mihi
1381 775 1543 822 gratum

331 841 419 882 est;
446 835 549 873 nihil
569 837 680 873 enim
698 835 842 874 deesse
862 834 1047 874 Ciceroni
1066 848 1159 873 cum
1183 835 1236 874 ad
1261 835 1435 874 officium
1452 839 1543 875 tum

331 901 383 940 ad
398 903 741 940 existimationem
759 914 891 939 meam
911 903 1102 952 pertinet.
1155 900 1375 939 Flammam
1397 900 1542 940 Flami-

332 970 445 1005 nium
477 965 598 1004 audio
631 966 782 1004 Romae
815 979 915 1006 esse.
979 966 1047 1005 Ad
1075 979 1170 1004 eum
1199 968 1340 1018 scripsi
1369 979 1436 1005 me
1466 966 1543 1006 tibi

333 1032 545 1072 mandasse
564 1045 637 1083 per
655 1031 827 1080 litteras,
847 1037 894 1070 ut
912 1031 966 1071 de
986 1032 1175 1070 Montani
1197 1034 1364 1083 negotio
1382 1045 1477 1071 cum
1495 1045 1544 1072 eo

333 1099 559 1150 loquerere,
589 1103 634 1136 et
662 1097 785 1135 velim
813 1110 930 1136 cures
960 1097 1190 1148 epistulam,
1221 1110 1343 1149 quam
1371 1097 1424 1137 ad
1449 1110 1543 1137 eum

334 1166 438 1210 misi,
451 1162 716 1211 reddendam,
732 1167 777 1201 et
790 1165 890 1214 ipse,
905 1162 1014 1214 quod
1034 1162 1247 1201 commodo
1265 1168 1339 1202 tuo
1354 1163 1437 1211 fiat,
1452 1176 1544 1203 eum

271 1243 274 1245 ’
335 1242 384 1267 eo
403 1228 658 1280 conloquare.
717 1227 834 1275 Puto,
854 1230 888 1266 si
907 1227 1005 1280 quid
1024 1230 1067 1265 in
1087 1227 1252 1266 homine
1278 1227 1443 1279 pudoris
1468 1233 1545 1276 est,

56 1763 133 1800 Scr.
155 1761 192 1799 in
213 1761 323 1799 Pom-

55 1816 188 1868 peiano
210 1815 271 1852 IV

57 1870 155 1908 Non.
174 1869 270 1907 Mai.
287 1883 322 1907 a.

60 1926 136 1964 710

336 1299 634 1346 praestaturum
652 1306 760 1341 eum,
782 1307 836 1332 ne
862 1306 950 1332 sero
977 1307 1070 1332 eum
1098 1293 1248 1332 damno
1274 1293 1543 1346 dependatur.

338 1361 402 1399 De
421 1360 562 1398 Attica
578 1364 816 1411 pergratum
841 1359 941 1397 mihi
968 1358 1103 1398 fecisti
1131 1358 1241 1411 quod
1269 1361 1430 1407 curasti,
1449 1364 1546 1399 ante

337 1429 482 1465 scirem
500 1430 615 1464 recte
634 1438 723 1464 esse
742 1438 862 1476 quam
883 1438 965 1462 non
984 1424 1094 1463 belle
1113 1424 1247 1464 fuisse.

883 1590 978 1628 XVI
984 1590 1000 1628 1

737 1685 877 1711 CICERO
907 1685 1047 1710 A‘r'rlco
1075 1685 1155 1713 SAL.

398 1756 447 1795 In
477 1756 764 1807 Pompeianum
793 1758 886 1794 veni
914 1768 938 1793 v
967 1756 1104 1794 Nonas
1133 1756 1273 1803 Maias,
1291 1769 1384 1794 cum
1402 1755 1548 1808 pridie,

343 1827 389 1860 ut
417 1826 540 1859 antea
568 1820 620 1859 ad
650 1825 694 1859 te
724 1823 876 1871 scripsi,
911 1820 1050 1859 Piliam
1080 1824 1123 1858 in
1153 1821 1333 1859 Cumano
1365 1821 1548 1861 conloca-

342 1890 499 1926 vissem.
559 1886 620 1925 Ibi
638 1886 738 1924 mihi
758 1889 919 1925 cenanti
940 1887 1102 1925 litterae
1121 1892 1217 1925 tuae
1235 1891 1332 1926 sunt
1350 1887 1548 1936 redditae,

342 1965 441 2004 quas
470 1951 641 1990 dederas
674 1951 886 1990 Demetrio
915 1952 1063 1991 liberto
1093 1966 1151 2003 pr.
1187 1952 1300 1997 Κεὶς
1332 1955 1375 1991 in
1403 1954 1548 2005 quibus

341 2016 470 2055 multa
497 2019 715 2067 sapienter,
743 2015 816 2055 sed
844 2021 984 2054 tamen
1012 2015 1123 2063 talia,
1153 2029 1275 2068 quem
1302 2017 1354 2056 ad
1382 2017 1546 2056 modum

342 2086 432 2174 ttgte
452 2081 666 2128 scribebas,
687 2085 735 2120 ut
752 2093 875 2119 omne
894 2081 1104 2120 consilium
1124 2084 1166 2120 in
1185 2081 1349 2121 fortuna
1370 2084 1543 2134 positum

343 2139 366 2171 2
398 2140 422 2173 2
