1572 2378
589 148 815 188 MARCUS
854 148 1100 188 TULLIUS
1139 148 1340 188 CICERO

937 288 994 324 X!

762 390 901 415 CICERO
932 390 1071 415 ATTICO
1099 390 1177 417 SAL.

80 472 155 511 Ser,
175 484 213 510 ιη
421 466 590 504 Antium
612 468 704 504 veni
723 479 756 505 a.
779 466 818 504 d.
838 479 876 504 vl
900 466 1005 504 Idus.
1066 466 1191 505 Bruto
1214 468 1412 507 iucundus
1434 472 1570 507 noster

80 525 222 564 Antiali
246 540 280 564 a·
308 525 344 564 d·
364 531 575 571 adventus.
635 531 798 571 Deinde
819 532 958 571 multis
980 532 1253 581 audientibus,
1273 532 1454 582 Servilia,
1472 533 1570 573 Ter-

84 579 143 618 VI
158 580 218 621 Id·
241 581 320 619 Iun·
366 596 479 644 tulla,
502 597 654 645 Porcia,
674 610 882 649 quaerere,
901 597 999 650 quid
1022 597 1213 649 placeret.
1271 598 1428 638 Aderat
1446 601 1568 639 etiam

78 649 112 674 α’
136 635 213 676 710
366 662 574 702 Favonius.
618 663 716 714 Ego,
735 664 841 715 quod
863 677 972 702 eram
991 663 1212 703 meditatus
1229 666 1273 702 in
1292 667 1367 712 via,
1387 664 1567 714 suadere,

363 734 409 768 ut
438 735 623 768 uteretur
653 730 831 768 Asiatica
859 732 1066 768 curatione
1094 729 1313 776 frumenti3
1351 730 1455 771 nihil
1482 743 1570 771 esse

359 796 438 832 iam
467 794 621 846 reliqui,
645 794 752 846 quod
781 808 1007 845 ageremus,
1026 798 1103 833 nisi
1131 800 1178 833 ut
1206 794 1337 834 salvus
1367 801 1500 843 esset3
1525 798 1569 835 in

358 873 407 898 eo
437 863 561 899 etiam
592 863 667 911 ipsi
698 863 756 899 rei
787 860 972 912 publicae
1004 873 1091 899 esse
1122 860 1376 912 praesidium.
1435 860 1568 910 Quam

358 928 583 964 orationem
613 939 705 964 cum
736 929 941 977 ingressus
971 940 1114 974 essem,
1146 926 1303 965 Cassius
1333 929 1566 967 intervenit.

358 992 446 1043 Ego
479 991 621 1030 eadem
657 991 725 1029 illa
758 994 940 1042 repetivi.
1014 992 1107 1030 Hoc
1140 991 1229 1030 loco
1262 991 1434 1031 fortibus
1471 1005 1568 1032 sane

356 1057 482 1096 oculis
502 1057 658 1095 Cassius
682 1056 877 1110 (Martem
897 1060 1048 1108 spirare
1068 1056 1243 1110 diceres)
1264 1070 1308 1096 se
1327 1060 1370 1095 in
1391 1057 1566 1096 Siciliam

357 1136 438 1161 non
457 1126 618 1161 iturum.
679 1128 703 1145 “
716 1123 859 1173 Egone
879 1128 926 1160 ut
945 1122 1188 1160 beneficium
1208 1125 1455 1173 accepissem
1473 1136 1567 1162 con-

356 1190 565 1228 tumeliam
579 1191 594 1227 ?
608 1189 631 1202 ”
681 1193 705 1211 “
719 1188 829 1235 Quid
846 1202 943 1238 ergo
957 1190 1071 1238 agis?
1087 1188 1108 1201 ”
1133 1190 1310 1240 inquam.
1359 1189 1417 1227 At
1436 1187 1507 1228 ille
1524 1191 1566 1227 in

359 1254 552 1292 Achaiam
581 1267 623 1292 se
650 1256 812 1292 iturum.
872 1253 1013 1300 “Quid
1040 1253 1125 1300 tu‚'’
1147 1256 1324 1305 inquam,
1349 1253 1565 1293 “Brute?''

357 1324 380 1342 “
397 1319 602 1366 Romam,”
625 1322 770 1370 inquit,
790 1322 856 1356 “si
877 1320 951 1357 tibi
973 1319 1172 1357 videtur.''
1224 1323 1247 1340 “
1262 1319 1364 1356 Mihi
1384 1332 1480 1358 vero
1497 1322 1566 1359 mi-

355 1388 490 1431 nime;
518 1391 610 1424 tuto
631 1388 739 1423 enim
760 1398 841 1422 non
862 1385 978 1423 eris.'⁷
1032 1389 1053 1406 “
1066 1384 1203 1433 Quid?
1233 1387 1266 1423 si
1286 1398 1444 1436 possem
1464 1397 1566 1434 esse,

355 1451 618 1502 placeretne?
633 1451 654 1464 '’
704 1455 729 1472 “
743 1451 879 1501 Atque
900 1455 947 1487 ut
966 1452 1130 1487 omnino
1149 1462 1284 1502 neque
1304 1463 1412 1488 nunc
1431 1463 1566 1504 neque

355 1530 406 1556 ex
425 1521 615 1568 praetura
634 1519 675 1554 in
699 1518 944 1567 provinciam
968 1519 1070 1561 ires;
1099 1515 1171 1553 sed
1193 1521 1335 1554 auctor
1356 1529 1438 1554 non
1461 1529 1564 1564 sum,

356 1587 402 1620 ut
424 1587 468 1620 te
492 1582 579 1619 urbi
603 1581 871 1619 committas.''
932 1580 1126 1618 Dicebam
1157 1594 1214 1627 ea,
1237 1593 1340 1632 quae
1368 1581 1446 1619 tibi
1473 1593 1564 1633 pro-

355 1646 465 1685 fecto
484 1650 524 1684 in
546 1652 728 1684 mentem
750 1649 931 1693 veniunt,
953 1659 1023 1683 cur
1043 1659 1123 1683 non
1145 1651 1253 1684 esset
1281 1651 1372 1684 tuto
1391 1645 1562 1685 futurus.

358 1714 491 1752 Multo
521 1713 617 1751 inde
646 1725 832 1750 sermone
861 1712 1148 1763 querebantur,
1175 1717 1298 1762 atque
1327 1711 1368 1749 id
1396 1710 1562 1763 quidem

355 1779 512 1817 Cassius
532 1781 718 1824 maxime,
733 1779 897 1814 amissas
917 1779 1145 1814 occasiones
1166 1775 1460 1828 Decimumque
1479 1788 1564 1827 gra·

355 1847 459 1882 viter
478 1844 731 1881 accusabant.
791 1842 879 1892 Ego
899 1842 1099 1892 negabam
1119 1846 1306 1892 oportere
1329 1844 1562 1892 praeterita,

354 1909 612 1947 adsentiebar
630 1913 780 1946 tamen.
840 1907 1022 1958 Cumque
1042 1909 1245 1957 ingressus
1264 1919 1393 1945 essem
1413 1906 1562 1954 dicere,

355 1975 452 2026 quid
486 1976 742 2026 oportuisset,
773 1985 849 2011 nec
881 1985 975 2011 vero
1010 1974 1224 2025 quicquam
1257 1974 1362 2019 novi,
1395 1970 1468 2010 sed
1501 1984 1562 2020 ea,

356 2134 434 2177 322
