1572 2378
548 154 776 194 MARCUS
816 154 1061 193 TULLIUS
1101 154 1302 192 CICERO

331 244 436 283 civili
465 243 583 282 video
611 242 880 282 serviendum.
948 241 1058 290 Quid
1087 242 1213 292 ergo?
1249 241 1300 279 ad
1334 241 1419 279 Kal.
1450 241 1533 280 Ian.

332 313 373 348 in
403 310 532 348 Pansa
565 309 686 360 spes?
752 311 877 359 Λῆρος
906 308 1026 350 πολὺς
1055 310 1098 345 in
1129 310 1222 345 vino
1252 312 1297 346 et
1324 309 1369 345 in
1397 319 1538 345 somno

331 378 508 414 istorum.
955 419 958 422 ‚

385 439 450 478 De
482 446 555 477 c—cx
588 442 752 490 optime.
814 437 1017 476 Ciceronis
1055 441 1233 476 rationes
1270 437 1536 490 explicentur.

332 506 457 545 Ovius
486 507 595 543 enim
622 516 776 544 recens.
835 503 875 542 Is
893 503 1036 550 multa,
1056 517 1159 554 quae
1178 503 1341 551 vellem,
1358 506 1402 541 in
1419 505 1468 542 iis
1484 517 1539 542 ne

332 572 408 610 hoc
439 571 605 623 quidem
639 570 818 608 malum¹
859 569 933 609 HS
971 575 1078 607 L—xzffl
1110 572 1206 608 satis
1240 582 1341 617 esse,
1369 568 1540 609 adfatim

331 650 503 688 prorsus,
526 636 598 675 sed
630 636 845 674 Xenonem
876 638 1097 686 perexigue
1128 640 1172 673 et
1201 636 1396 687 γλίσχρως
1424 647 1539 687 prae-

331 704 439 742 bere.
496 701 588 749 Quo
616 701 706 752 plus
733 703 972 751 permutasti
1002 714 1122 751 quam
1151 700 1202 738 ad
1231 700 1409 739 fructum
1430 702 1539 740 insu-

331 770 471 816 larum,
491 768 532 806 id
553 768 622 805 ille
641 780 771 805 annus
791 767 953 812 habeat,
973 769 1016 803 in
1035 779 1157 817 quem
1177 768 1334 805 itineris
1355 771 1540 818 sumptus

330 837 508 873 accessit.
569 833 680 870 Hinc
700 845 750 870 ex
774 831 860 869 Kal.
885 832 979 882 Apr.
1005 831 1056 869 ad
1085 831 1158 870 HS
1189 836 1290 869 m
1316 844 1540 871 accommo-

330 902 462 941 detur.
511 901 631 939 Nunc
651 903 760 938 enim
781 899 935 938 insulae
956 904 1128 937 tantum.
1178 898 1410 937 Videndum
1429 901 1537 938 enim

331 972 394 1006 est
411 965 524 1019 quid,
543 979 635 1004 cum
663 965 812 1003 Romae
842 967 930 1003 erit.
990 964 1084 1002 Non
1115 966 1225 1002 enim
1253 969 1354 1015 puto
1381 977 1538 1004 socrum

331 1019 439 1070 illam
452 1031 673 1070 ferendam.
722 1030 894 1068 Pindaro
906 1029 958 1068 de
971 1029 1152 1067 Cumano
1163 1043 1365 1080 negaram.
1407 1028 1539 1079 Nunc,

331 1100 442 1136 cuius
461 1100 520 1136 rei
539 1109 658 1134 causa
676 1095 931 1134 tabellarium
951 1097 1143 1143 miserim,
1158 1097 1306 1146 accipe.
1360 1093 1540 1142 Quintus

331 1163 433 1202 filius
466 1162 566 1201 mihi
598 1161 815 1213 pollicetur
847 1174 890 1199 se
924 1161 1131 1199 Catonem.
1200 1160 1299 1212 Egit
1326 1165 1463 1200 autem
1494 1166 1540 1200 et

330 1234 445 1280 pater
476 1235 519 1267 et
549 1228 666 1275 filius,
697 1233 745 1266 ut
774 1227 850 1266 tibi
882 1227 1139 1278 sponderem,
1170 1226 1242 1265 sed
1272 1229 1343 1274 ita,
1372 1231 1421 1266 ut
1448 1231 1538 1267 tum

329 1295 528 1342 crederes,
542 1297 734 1345 cumipse
749 1305 974 1344 cognosses.
1018 1292 1128 1330 Huic
1143 1305 1220 1344 ego
1239 1292 1397 1332 litteras
1413 1294 1538 1345 ipsius

329 1361 525 1399 arbitratu
545 1359 660 1398 dabo.
720 1359 803 1397 Eae
822 1364 865 1397 te
885 1371 938 1396 ne
957 1361 1170 1396 moverint.
1229 1357 1317 1397 Has
1336 1360 1477 1410 scripsi
1493 1359 1537 1397 in

329 1439 418 1465 eam
447 1430 618 1476 partem,
648 1438 700 1463 ne
730 1437 796 1462 me
823 1428 979 1462 motum
1008 1428 1182 1474 putares.
1242 1422 1297 1461 Di
1324 1422 1470 1472 faxint,
1489 1429 1538 1464 ut

329 1491 451 1529 faciat
469 1504 530 1538 ea,
550 1503 653 1542 quae
675 1490 901 1540 promittit!
959 1488 1181 1527 Commune
1202 1491 1310 1527 enim
1329 1489 1534 1540 gaudium.

329 1556 409 1595 Sed
429 1569 506 1607 ego
525 1579 579 1584 —
598 1554 699 1592 nihil
720 1554 811 1592 dico
829 1553 1012 1604 amplius.
1068 1554 1107 1591 Is
1127 1553 1222 1592 hinc
1237 1566 1290 1591 vu
1308 1553 1414 1594 Idus.
1463 1554 1537 1594 Ait

328 1625 436 1661 enim
456 1621 766 1660 attributionem
786 1622 828 1657 in
849 1619 958 1667 Idus,
978 1632 1021 1658 se
1047 1624 1185 1658 autem
1214 1622 1348 1671 urgeri
1376 1622 1532 1659 acriter.

327 1689 389 1727 Tu
419 1701 469 1726 ex
499 1690 600 1725 meis
630 1686 790 1733 litteris,
820 1698 901 1737 quo
929 1685 1050 1723 modo
1070 1685 1327 1736 respondeas,
1352 1684 1534 1725 modera-

328 1755 436 1792 bere.
497 1752 627 1798 Plura,
655 1764 747 1788 cum
777 1756 820 1788 et
848 1750 1018 1788 Brutum
1048 1750 1186 1788 videro
1214 1755 1258 1788 et
1286 1749 1452 1789 Erotem
1472 1763 1533 1790 re·

328 1822 499 1858 mittam.
557 1817 721 1855 Atticae
740 1829 855 1854 meae
875 1818 1176 1854 excusationem
1195 1818 1348 1866 accipio
1363 1828 1532 1868 eamque

327 1897 418 1922 amo
435 1883 679 1934 plurimum;
707 1883 771 1919 cui
791 1886 835 1919 et
858 1880 979 1918 Piliae
999 1880 1183 1918 salutem.

369 1987 382 2009 ¹
405 1987 510 2029 After
525 1986 656 2018 malum
672 1985 726 2017 the
742 1984 847 2018 MSS.
864 1984 948 2017 have
964 1985 1000 2016 in
1016 1983 1195 2017 mandatis
1210 1984 1239 2016 si
1255 1983 1407 2024 abunde,
1425 1983 1531 2017 which

328 2042 398 2064 was
411 2031 541 2065 deleted
559 2030 602 2072 by
617 2028 808 2062 Lambinus
823 2038 863 2061 ae
877 2039 902 2061 α
916 2028 1014 2070 qlow.

329 2135 408 2175 370
