1572 2378
71 900 150 938 Ser.
171 899 209 937 in
226 899 335 937 Pom-

66 953 199 1006 peiano
227 953 259 989 1²

70 1008 165 1047 Non.
185 1008 281 1046 Mai.
298 1021 332 1045 α.

71 1064 148 1102 710

579 146 806 185 MARCUS
845 146 1091 186 TULLIUS
1130 146 1331 186 CICERO

349 241 485 287 partes
503 237 594 274 vivo
612 240 787 287 tyranno
806 235 887 274 dici
906 237 1087 286 potuisse
1105 247 1228 287 quam
1250 240 1422 275 mortuo.
1479 234 1556 274 Ille

348 304 459 340 enim
473 303 611 340 nescio
624 314 706 353 quo
724 306 844 352 pacto
863 300 1024 339 ferebat
1036 314 1103 339 me
1117 300 1283 352 quidem
1295 300 1555 347 mirabiliter-3

349 381 472 415 nunc,
490 379 745 419 quacumque
772 380 846 405 nos
875 369 1178 415 commovimus,
1200 366 1252 405 ad
1277 367 1457 406 Caesaris
1474 379 1556 406 non

349 433 470 471 modo
501 438 605 480 acta,
637 446 779 471 verum
817 436 941 472 etiam
979 435 1158 484 cogitata
1190 446 1435 472 revocamur.
1491 431 1557 472 De

352 500 560 545 Montano,
582 502 772 550 quoniam
792 499 973 536 Flamma
992 501 1118 546 venit,
1133 498 1300 538 videbis.
1350 499 1454 537 Puto
1470 510 1556 537 rem

350 565 517 603 meliore
537 564 626 603 loco
646 577 734 603 esse
754 564 917 603 debere.

699 721 852 759 XVIIa
868 719 932 773 (=
956 720 1060 759 Fam.
1083 733 1134 758 lx.
1160 719 1227 772 14)

593 822 733 847 cronno
764 821 1013 846 υοιΑΒΕιιΑε
1040 821 1117 846 cos.
1147 820 1220 846 suo
1247 819 1326 846 sat..

409 898 498 937 Etsi
517 902 736 936 contentus
756 910 877 943 eram,
892 899 948 934 mi
970 895 1193 943 Dolabella,
1207 900 1280 934 tua
1293 894 1432 947 gloria,
1445 898 1560 935 satis-

354 978 433 1016 que
447 978 496 1003 ex
513 977 561 1002 ea
574 976 764 1014 magnam
778 962 977 1000 laetitiam
992 961 1326 1014 voluptatemque
1340 961 1561 1013 capiebam,

353 1035 493 1069 tamen
512 1043 595 1067 non
614 1041 778 1080 possum
795 1041 879 1066 non
898 1027 1082 1066 confiteri
1101 1026 1295 1066 cumulari
1308 1040 1375 1066 me
1389 1029 1562 1067 maximo

353 1095 515 1147 gaudio,
534 1094 643 1146 quod
663 1093 784 1145 vulgo
802 1093 1012 1131 hominum
1032 1095 1169 1144 opinio
1187 1095 1341 1132 socium
1358 1105 1426 1132 me
1443 1095 1561 1132 ascri-

353 1163 424 1200 bat
437 1163 519 1200 tuis
534 1160 731 1198 laudibus.
778 1159 997 1198 Neminem
1012 1161 1183 1197 conveni
1198 1158 1414 1212 (convenio
1423 1163 1562 1199 autem

352 1227 502 1266 cotidie
532 1226 735 1277 plurimos.
803 1225 910 1264 Sunt
939 1227 1049 1263 enim
1079 1224 1272 1277 permulti
1303 1226 1447 1276 optimi
1474 1226 1562 1273 viri,

351 1295 421 1345 qui
441 1291 686 1331 valetudinis
705 1304 823 1330 causa
843 1294 884 1329 in
904 1290 1006 1329 haec
1023 1290 1112 1330 loca
1130 1293 1320 1336 veniant3
1353 1295 1563 1343 praeterea

352 1372 404 1397 ex
422 1360 652 1409 municipiis
671 1357 909 1409 frequentes
928 1359 1143 1395 necessarii
1163 1355 1276 1409 mei),
1291 1358 1390 1408 quin
1408 1369 1562 1404 omneS,

352 1437 445 1462 cum
463 1429 507 1461 te
527 1424 692 1461 summis
719 1421 905 1460 laudibus
932 1421 986 1460 ad
1011 1422 1169 1460 caelum
1194 1421 1444 1469 extulerunt,
1462 1421 1562 1460 mihi

352 1492 547 1527 continuo
579 1491 774 1526 maximas
806 1491 956 1539 gratias
987 1493 1124 1539 agant.
1182 1487 1350 1539 Negant
1379 1489 1489 1526 enim
1518 1500 1562 1526 se

352 1555 554 1602 dubitare,
573 1556 673 1606 quin
691 1559 737 1592 tu
756 1556 858 1592 meis
878 1556 1107 1604 praeceptis
1136 1558 1180 1592 et
1208 1553 1384 1592 consiliis
1405 1553 1563 1593 obtem-

352 1633 499 1673 perans
518 1622 909 1671 praestantissimum
929 1624 972 1658 te
991 1622 1122 1658 civem
1141 1624 1185 1658 et
1204 1618 1450 1670 singularem
1469 1632 1563 1658 con-

353 1686 483 1725 sulem
516 1686 721 1737 praebeas.
780 1684 938 1732 Quibus
971 1697 1049 1736 ego
1081 1698 1324 1737 quamquam
1357 1687 1563 1724 verissime

353 1765 516 1804 possum
545 1750 791 1801 respondere
816 1755 874 1798 te,
897 1763 1000 1801 quae
1020 1749 1155 1797 facias,
1174 1756 1246 1788 tuo
1265 1749 1413 1788 iudicio
1432 1755 1476 1789 et
1493 1754 1564 1789 tua

354 1823 500 1869 sponte
529 1816 676 1863 facere,
705 1829 782 1854 nec
811 1818 1045 1867 cuiusquam
1075 1828 1197 1866 egere
1226 1814 1407 1863 consilio,
1424 1819 1562 1854 tamen

354 1896 488 1934 neque
508 1882 630 1934 plane
649 1881 870 1928 adsentior,
884 1894 937 1919 ne
953 1882 1189 1918 imminuam
1208 1885 1321 1918 tuam
1340 1879 1516 1928 laudem,
1530 1883 1561 1919 si

353 1951 484 1987 omnis
502 1961 526 1985 a
545 1949 647 1986 meis
666 1946 843 1985 consiliis
867 1946 1051 1997 profecta
1076 1945 1273 1994 videatur,
1293 1959 1426 1998 neque
1445 1945 1562 1985 valde

355 2027 472 2066 nego.
541 2013 640 2052 Sum
678 2015 788 2050 enim
825 2011 977 2050 avidior
1020 2014 1157 2059 etiam,
1195 2024 1315 2063 quam
1353 2013 1450 2050 satis
1486 2016 1562 2059 est,

354 2079 517 2131 gloriae.
577 2078 631 2117 Et
664 2083 802 2116 tamen
834 2090 915 2115 non
945 2077 1123 2115 alienum
1153 2081 1218 2115 est
1245 2076 1448 2128 dignitate
1478 2081 1562 2124 tua,

355 2132 436 2172 266
