1546 2378
550 191 775 230 MARCUS
813 190 1060 230 TULLIUS
1099 190 1300 229 CICERO

323 293 401 318 non
435 279 543 331 quod
581 278 858 330 patefecerim,
890 278 998 330 quod
1032 278 1266 317 cohortatus
1297 281 1385 326 sim,
1418 279 1527 331 quod

321 351 497 403 denique
529 355 640 397 ante,
672 363 794 402 quam
831 349 1098 397 consulerem,
1130 351 1217 401 ipse
1254 349 1526 389 indicaverim.

322 423 437 472 Quae
465 425 600 460 omnia
627 425 722 474 quia
750 421 852 460 Cato
880 422 1066 460 laudibus
1086 421 1290 460 extulerat
1307 424 1351 460 in
1370 421 1528 461 caelum

322 494 687 546 perscribendaque
706 498 933 541 censuerat,
948 493 1099 531 idcirco
1116 495 1159 530 in
1173 495 1260 531 eius
1279 495 1527 532 sententiam

322 571 385 605 est
421 566 528 604 facta
565 565 766 604 discessio.
827 564 909 602 Hic
941 569 1079 603 autem
1113 577 1156 603 se
1191 566 1315 602 etiam
1346 563 1528 603 tribuere

322 637 495 676 multum
515 640 571 675 mi
590 642 722 688 putat,
749 635 858 688 quod
886 638 1092 687 scripserit
1120 638 1357 687 “optimum
1385 649 1528 674 consu-

322 709 441 748 lem.”
485 708 588 756 Quis
606 710 716 747 enim
736 709 909 746 ieiunius
928 707 1033 746 dixit
1050 707 1264 745 inimicus?
1306 706 1372 745 Ad
1391 712 1529 746 cetera

323 793 416 818 vero
435 780 510 818 tibi
531 793 653 831 quem
672 778 723 817 ad
743 778 909 817 modum
929 778 1159 828 rescripsit!
1199 777 1378 816 Tantum
1398 782 1529 829 rogat,

321 851 374 890 de
394 856 558 890 senatus
578 850 763 888 consulto
783 855 830 888 ut
849 851 1035 900 corrigas.
1095 848 1188 887 Hoc
1216 847 1382 900 quidem
1411 847 1528 888 fecis·

321 928 399 971 set,
429 924 587 961 etiamsi
617 935 641 958 a
670 921 831 958 librario
864 920 1095 958 admonitus
1125 925 1245 958 esset.
1314 919 1397 958 Sed
1428 919 1528 958 haee

322 998 469 1033 iterum
489 996 575 1044 ipse
596 992 754 1031 viderit.

377 1064 440 1103 De
460 1064 588 1102 hortis
607 1066 795 1115 quoniam
817 1063 974 1114 probas,
990 1062 1102 1101 effice
1121 1061 1287 1114 aliquid.
1339 1062 1528 1101 Rationes

322 1149 431 1175 meas
456 1138 574 1174 nosti.
633 1134 675 1173 Si
705 1147 800 1172 vero
828 1136 951 1172 etiam
979 1147 1003 1171 a
1034 1133 1201 1171 Faberio
1229 1132 1399 1181 recedit,
1426 1132 1527 1171 nihil

321 1210 474 1259 negotii
496 1211 570 1245 est.
628 1205 711 1245 Sed
731 1207 854 1243 etiam
874 1207 961 1244 sine
981 1217 1031 1243 eo
1050 1217 1167 1256 posse
1193 1203 1333 1242 videor
1359 1209 1527 1243 conten-

320 1280 430 1319 dere.
503 1277 678 1317 Venales
725 1283 837 1315 certe
884 1282 980 1315 sunt
1022 1275 1157 1323 Drusi,
1196 1274 1366 1314 fortasse
1404 1277 1527 1315 etiam

323 1352 504 1389 Lamiani
525 1355 569 1388 et
588 1349 776 1387 Cassiani.
835 1347 917 1386 Sed
937 1360 1082 1385 coram.

376 1423 440 1461 De
459 1422 653 1461 Terentia
667 1434 747 1458 non
765 1433 925 1471 possum
941 1418 1189 1457 commodius
1204 1418 1394 1465 scribere,
1407 1431 1527 1470 quam

320 1501 366 1534 tu
380 1495 532 1533 scribis.
580 1492 767 1531 Officium
787 1494 841 1530 sit
858 1491 974 1528 nobis
989 1491 1323 1541 antiquissimum.
1372 1487 1416 1527 Si
1430 1487 1526 1540 quid

320 1579 393 1604 nos
423 1564 631 1610 fefellerit,
662 1562 769 1600 illius
798 1561 904 1599 malo
934 1574 1000 1599 me
1033 1573 1155 1612 quam
1188 1562 1269 1598 mei
1303 1561 1525 1610 paenitere.

320 1636 447 1675 Oviae
463 1636 505 1674 C.
524 1634 628 1672 Lolli
643 1633 820 1672 curanda
839 1638 935 1671 sunt
957 1631 1029 1670 HS
1049 1636 1081 1669 ὃ.
1134 1631 1269 1682 Negat
1289 1630 1389 1669 Eros
1408 1643 1527 1681 posse

319 1710 406 1747 sine
425 1720 504 1754 me,
525 1705 659 1752 credo,
682 1704 790 1757 quod
816 1702 1052 1754 accipienda
1079 1701 1213 1753 aliqua
1240 1703 1294 1739 sit
1322 1706 1365 1739 et
1392 1700 1526 1739 danda

319 1780 557 1818 aestimatio.
617 1775 789 1822 Vellem,
809 1775 884 1813 tibi
909 1774 1088 1812 dixisset.
1146 1772 1188 1812 Si
1218 1774 1327 1810 enim
1356 1784 1420 1810 res
1449 1775 1526 1819 est,

321 1856 367 1889 ut
394 1849 493 1888 mihi
521 1850 694 1899 scripsit,
721 1851 872 1898 parata,
892 1858 968 1883 nec
988 1847 1030 1882 in
1049 1857 1099 1882 eo
1117 1847 1204 1895 ipso
1222 1845 1432 1889 mentitur,
1452 1854 1526 1893 per

320 1928 362 1961 te
381 1920 522 1960 confici
541 1922 686 1971 potuit.
746 1917 793 1956 Id
813 1928 1029 1967 cognoscas
1049 1920 1094 1953 et
1112 1913 1298 1952 conficias
1316 1912 1450 1951 velim.

362 2043 373 2064 ¹
398 2042 535 2076 Recedit
551 2042 580 2074 is
596 2039 775 2084 generally
790 2037 926 2070 altered
948 2037 995 2080 by
1006 2036 1150 2069 editors.
1201 2035 1273 2068 But
1288 2034 1343 2067 for
1356 2035 1428 2068 this
1445 2044 1523 2068 rare

318 2099 418 2121 sense
434 2087 471 2119 of
486 2086 547 2119 the
564 2084 660 2117 word
680 2083 769 2116 Reid
785 2092 964 2125 compares
981 2081 1055 2114 Pro
1073 2078 1243 2121 Quinctio,
1262 2079 1314 2112 38.

360 2130 375 2151 ⁹
401 2130 542 2170 100,000
557 2133 736 2174 sesterces.

320 2181 370 2214 44
