1572 2378
596 154 822 193 MARCUS
860 154 1105 194 TULLIUS
1144 155 1345 196 CICERO

364 241 576 281 dederunt.
626 241 850 280 Recordare
868 247 950 280 tua.
996 243 1144 282 Nonne
1158 245 1380 282 meministi
1395 243 1568 283 clamare

366 313 406 346 te
431 310 566 346 omnia
588 310 752 358 perisse,
778 310 812 346 si
839 307 909 346 ille
937 307 1082 347 funere
1107 307 1238 347 elatus
1263 310 1399 348 esset?
1454 308 1568 362 Sapi-

364 378 482 413 enter
516 373 559 411 id
596 373 772 425 quidem.
836 373 993 426 Itaque,
1027 386 1078 412 ex
1120 386 1170 412 eo
1210 387 1315 426 quae
1350 377 1568 423 manarint,

364 439 486 479 vides.
837 450 839 454 ⁴

416 505 533 553 Quae
551 506 690 544 scribis
711 504 759 544 K.
778 505 904 543 Iuniis
916 505 1144 543 Antonium
1162 505 1216 544 de
1234 507 1449 557 provinciis
1467 505 1568 546 rela-

363 578 512 619 turum,
525 577 573 610 ut
591 576 636 610 et
652 573 740 622 ipse
759 570 911 609 Gallias
928 570 1092 618 habeat,
1107 577 1151 610 et
1170 574 1353 624 utrisque
1372 571 1461 612 dies
1477 585 1566 624 pro-

362 643 540 689 rogetur,
558 637 753 676 licebitne
775 636 940 675 decerni
969 636 1123 675 libere?
1180 636 1223 676 Si
1250 636 1425 686 licuerit,
1445 637 1567 677 liber-

362 709 489 743 tatem
503 716 592 742 esse
605 707 886 753 recuperatam
903 701 1086 740 laetabor
1098 715 1109 748 ;
1131 704 1166 741 si
1179 715 1261 741 non
1276 702 1452 751 licuerit,
1466 703 1566 756 quid

361 769 460 808 mihi
481 769 668 808 attulerit
689 771 768 807 ista
789 767 943 806 domini
969 770 1144 807 mutatio
1171 773 1334 820 praeter
1353 768 1565 817 laetitiam,

359 848 480 887 quam
511 834 637 873 oculis
669 836 759 885 cepi
791 836 898 872 iusto
929 836 1100 872 interitu
1131 835 1323 885 tyranni?
1392 834 1565 886 Rapinas

358 903 497 940 scribis
510 901 563 940 ad
577 901 679 952 Opis
698 900 807 946 fieri3
830 912 928 951 quas
943 913 1016 938 nos
1031 912 1193 952 quoque
1210 905 1300 939 tum
1315 899 1561 940 videbamus.

358 968 422 1007 Ne
440 980 514 1006 nos
539 972 584 1005 et
603 966 766 1005 liberati
787 966 838 1003 ab
861 967 1036 1016 egregiis
1055 966 1150 1003 viris
1172 977 1250 1003 nec
1271 964 1391 1004 liberi
1411 977 1560 1006 sumus.

358 1034 423 1072 Ita
438 1034 526 1072 laus
542 1032 702 1071 illorum
722 1036 798 1079 est,
817 1031 936 1082 culpa
953 1035 1103 1070 nostra.
1151 1030 1207 1069 Et
1224 1030 1397 1070 hortaris
1415 1043 1496 1080 me,
1514 1036 1563 1071 ut

357 1100 542 1138 historias
558 1099 743 1146 scribam,
762 1102 810 1151 ut
828 1096 1016 1148 colligam
1041 1101 1158 1135 tanta
1186 1109 1325 1135 eorum
1353 1097 1520 1146 scelera,
1537 1111 1563 1137 a

355 1166 500 1218 quibus
527 1167 652 1204 etiam
679 1176 789 1202 nunc
815 1162 1068 1201 obsidemur!
1127 1161 1328 1201 Poterone
1357 1175 1427 1202 eos
1453 1165 1561 1216 ipsos

354 1244 436 1270 non
453 1230 631 1278 laudare,
650 1231 720 1282 qui
738 1234 782 1268 te
801 1229 1102 1279 obsignatorem
1119 1227 1425 1267 adhibuerunt?
1471 1228 1560 1268 Nec

353 1296 587 1337 mehercule
625 1309 693 1335 me
733 1295 1019 1335 raudusculum
1064 1300 1215 1343 movet,
1256 1295 1329 1334 sed
1374 1295 1560 1336 homines

354 1363 583 1410 benevolos,
602 1362 916 1414 qualescumque
934 1366 1044 1408 sunt,
1062 1374 1185 1412 grave
1205 1366 1270 1400 est
1289 1363 1449 1414 insequi
1467 1374 1558 1401 oon·

354 1428 530 1468 tumelia,
588 1427 669 1467 Sed
698 1426 751 1466 de
779 1427 966 1465 omnibus
992 1429 1094 1465 meis
1122 1425 1311 1474 consiliis,
1329 1431 1378 1465 ut
1404 1426 1558 1475 scribis,

352 1497 538 1534 existimo
557 1493 804 1545 exploratius
822 1506 896 1531 nos
914 1492 966 1531 ad
997 1492 1045 1531 K.
1069 1492 1204 1531 Iunias
1223 1497 1402 1531 statuere
1426 1505 1553 1543 posse.

351 1560 417 1599 Ad
434 1573 535 1612 quas
552 1559 688 1606 adero,
703 1564 748 1598 et
765 1561 874 1597 omni
894 1571 971 1610 ope
999 1563 1124 1610 atque
1151 1571 1275 1609 opera
1293 1561 1426 1597 enitar
1442 1557 1556 1597 adiu-

350 1631 471 1665 vante
489 1639 555 1664 me
576 1625 731 1664 scilicet
747 1627 992 1663 auctoritate
1015 1630 1086 1662 tua
1110 1629 1154 1662 et
1175 1626 1306 1674 gratia
1328 1629 1372 1662 et
1399 1636 1555 1662 summa

348 1694 554 1743 aequitate
573 1703 729 1738 causae,
749 1694 797 1728 ut
815 1689 868 1728 de
890 1688 1114 1727 Buthrotiis
1128 1693 1293 1727 senatus
1307 1688 1552 1737 consultum,

346 1757 467 1809 quale
485 1756 636 1803 scribis,
655 1755 735 1794 fiat.
793 1753 915 1802 Quod
933 1766 999 1792 me
1019 1755 1198 1805 cogitare
1216 1753 1346 1800 iubes,
1365 1753 1553 1804 cogitabo

346 1822 549 1874 equidem,
565 1823 642 1859 etsi
661 1821 736 1859 tibi
755 1819 950 1858 dederam
967 1822 1173 1871 superiore
1188 1817 1363 1870 epistula
1376 1821 1554 1870 cogitan-

346 1888 454 1926 dum.
511 1887 574 1925 Tu
606 1891 744 1925 autem
777 1887 890 1937 quasi
927 1887 1007 1923 iam
1043 1889 1282 1936 recuperata
1312 1897 1358 1922 re
1390 1883 1552 1935 publica

346 1955 486 1991 vicinis
512 1954 594 1991 tuis
623 1951 941 1990 Massiliensibus
969 1963 1040 1989 sua
1067 1949 1214 1988 reddis.
1274 1949 1391 1988 Haec
1417 1951 1552 1997 armis,

385 2054 398 2076 ²
422 2054 473 2088 To
487 2053 634 2088 willein
648 2052 765 2086 which
780 2052 930 2095 legacies
951 2062 1043 2085 were
1066 2051 1133 2084 left
1155 2053 1194 2084 to
1216 2049 1350 2085 Cicero.
1397 2049 1453 2084 Cf.
1470 2049 1545 2085 Aa.

346 2107 420 2132 xxv.
439 2099 471 2132 ³.

345 2141 424 2182 256
