1572 2378
550 150 775 188 MARCUS
813 149 1059 188 TULLIUS
1098 147 1299 187 CICERO

320 238 703 290 reprehendendum
732 250 815 276 non
841 250 944 284 esse,
963 239 1046 276 sive
1066 236 1171 275 hanc
1187 237 1484 275 aberrationem
1503 249 1528 274 a

320 303 459 343 dolore
478 303 716 354 delegerim,
735 316 839 354 quae
861 304 1035 341 maxime
1058 301 1235 340 liberalis
1254 304 1307 340 sit
1325 301 1527 354 doctoque

321 368 484 407 homine
504 369 752 419 dignissima,
772 367 927 406 laudari
945 381 1012 406 me
1032 370 1156 406 etiam
1175 372 1373 419 oportere.
1431 366 1527 415 Sed,

321 448 413 473 cum
443 448 521 486 ego
550 434 695 472 faciam
725 436 873 481 omnia,
902 447 1007 485 quae
1037 433 1171 472 facere
1202 436 1351 484 possim
1379 432 1433 472 ad
1461 446 1528 472 me

321 499 605 548 adlevandum,
633 505 679 538 tu
708 500 820 538 effice
847 499 902 547 id,
931 499 1040 551 quod
1068 499 1187 538 video
1215 504 1258 538 te
1285 512 1368 538 non
1395 501 1528 538 minus

321 579 442 618 quam
460 579 527 604 me
547 565 739 604 laborare.
798 565 892 603 Hoc
919 565 1020 603 mihi
1047 565 1199 604 debere
1223 565 1376 614 videor,
1393 578 1528 618 neque

322 631 445 670 levari
467 644 595 682 posse,
615 633 692 669 nisi
712 630 869 669 solvero
887 636 960 669 aut
978 630 1117 670 videro
1135 643 1202 669 me
1221 643 1338 682 posse
1360 630 1529 680 solvere,

323 697 365 735 id
403 702 467 735 est
502 696 649 744 locum,
689 696 852 748 qualem
893 696 1030 744 velim,
1066 698 1271 735 invenero.
1342 695 1530 736 Heredes

323 761 520 813 Scapulae
558 764 591 800 si
628 764 726 800 istos
764 760 916 808 hortos,
948 766 996 800 ut
1029 761 1169 800 scribis
1205 761 1282 800 tibi
1320 761 1529 800 Othonem

323 828 485 875 dixisse,
505 828 686 878 partibus
706 832 900 879 quattuor
926 826 1044 866 factis
1072 827 1185 866 liceri
1213 830 1409 879 cogitant,
1427 827 1530 866 nihil

325 898 389 932 est
425 892 581 931 scilicet
619 895 793 944 emptori
831 892 933 939 loci3
972 895 1035 931 sin
1069 893 1281 941 venibunt,
1314 893 1412 946 quid
1444 893 1529 933 fieri

323 961 462 1010 possit,
491 958 727 997 videbimus.
789 959 892 996 Nam
922 957 993 996 ille
1023 957 1136 997 locus
1166 958 1435 1007 Publicianus,
1461 962 1531 1013 qui

325 1030 388 1063 est
405 1024 583 1062 Treboni
603 1030 647 1063 et
666 1024 816 1071 Cusini,
839 1029 927 1062 erat
954 1023 1006 1062 ad
1033 1037 1100 1062 me
1128 1023 1284 1062 allatus.
1342 1023 1425 1063 Sed
1452 1027 1529 1065 seis

323 1104 458 1130 aream
474 1103 574 1129 esse.
616 1090 738 1128 Nullo
754 1095 874 1141 pacto
888 1091 1024 1141 probo.
1067 1089 1231 1129 Clodiae
1243 1103 1340 1129 sane
1354 1090 1531 1142 placent,

325 1157 396 1196 sed
416 1170 498 1195 non
518 1161 618 1208 puto
639 1169 727 1195 esse
747 1155 923 1194 venales.
983 1155 1048 1195 De
1078 1155 1201 1194 Drusi
1229 1155 1370 1204 hortis,
1392 1170 1531 1209 quam-

326 1226 384 1261 vis
403 1223 454 1260 ab
473 1225 520 1261 iis
539 1222 770 1270 abhorreas,
792 1227 840 1260 ut
861 1222 1015 1269 scribis,
1042 1226 1183 1260 tamen
1210 1235 1260 1261 eo
1287 1222 1531 1275 confugiam,

327 1291 402 1327 nisi
443 1288 539 1340 quid
581 1291 793 1327 inveneris.
872 1287 1113 1326 Aedificatio
1154 1301 1221 1326 me
1261 1301 1346 1327 non
1381 1295 1530 1330 movet.

328 1354 440 1392 Nihil
470 1357 578 1392 enim
608 1354 717 1392 aliud
754 1353 974 1393 aedificabo
1002 1356 1079 1391 nisi
1109 1353 1166 1401 id,
1194 1354 1303 1405 quod
1333 1357 1470 1404 etiam,
1499 1358 1532 1395 si

326 1419 415 1458 illos
445 1433 527 1457 non
557 1419 746 1458 habuero.
807 1422 931 1470 Κῦρος
959 1419 1002 1466 δ’,
1034 1417 1059 1458 ε’
1090 1419 1189 1457 mihi
1219 1422 1276 1457 sie
1305 1416 1459 1471 placuit
1486 1426 1533 1462 ut

327 1491 463 1524 cetera
485 1485 755 1532 Antisthenis,
771 1484 943 1523 hominis
957 1487 1067 1540 acuti
1082 1487 1210 1536 magis
1229 1499 1350 1537 quam
1370 1486 1530 1526 eruditi.

842 1700 1022 1739 XXXIX

724 1794 863 1819 cicinno
893 1793 1034 1819 A'r'mco
1063 1793 1140 1820 sAL.

45 1872 125 1912 Sor·
154 1873 314 1910 Asturae
385 1863 634 1901 Tabellarius
661 1862 712 1900 ad
741 1875 807 1900 me
835 1874 927 1899 cum
955 1863 1043 1900 sine
1071 1860 1219 1900 litteris
1240 1866 1322 1901 tuis
1344 1865 1534 1911 venisset,

53 1926 159 1965 VIII
177 1926 233 1964 Id.
332 1930 557 1967 existimavi
576 1928 650 1966 tibi
671 1940 761 1965 eam
780 1939 940 1964 causam
959 1938 1041 1964 non
1060 1926 1263 1964 scribendi
1276 1926 1413 1975 fuisse,
1426 1926 1535 1979 quod

47 1980 145 2020 Mffl·
165 1994 201 2019 ⁰·
227 1981 303 2020 709
332 1993 463 2045 pridie
491 1995 714 2044 scripsisses
736 2006 783 2030 ea
802 1994 899 2042 ipsa,
919 1990 970 2028 ad
989 2004 1109 2042 quam
1131 1994 1330 2043 rescripsi,
1349 1992 1531 2044 epistula.

332 2134 384 2169 80
