1592 2366
600 140 829 207 MARCUS*
863 168 1108 207 TULLlus
1146 168 1347 207 eiCERo

369 257 465 295 Eius
485 262 624 295 tamen
643 259 733 295 misi
752 256 804 295 ad
824 262 867 295 te
887 257 1132 307 exemplum,
1154 262 1212 304 ut,
1231 260 1263 295 si
1286 259 1420 296 minus
1441 257 1568 310 place·

370 325 446 366 ret,
467 333 518 358 ne
539 323 736 359 mitteres.

424 382 658 420 Domestica
689 382 799 434 quod
831 385 889 421 ais
921 382 1063 421 ordine
1095 382 1380 430 administrari,
1411 383 1574 430 scribes,

367 458 471 498 quae
502 448 584 484 sint
613 459 672 484 ea.
731 445 942 493 Quaedam
977 449 1086 484 enim
1121 451 1325 497 exspecto.
1383 445 1572 485 Cocceius

368 508 461 546 vide
490 521 543 547 ne
570 507 799 547 frustretur.
859 509 977 556 Nam,
1005 508 1107 547 Libo
1135 508 1243 560 quod
1272 508 1500 560 pollicetur,
1527 513 1574 548 ut

369 570 468 609 Eros
487 571 640 618 scribit,
660 584 741 608 non
765 573 966 609 incertum
992 575 1103 622 puto.
1164 571 1227 609 De
1246 577 1354 610 sorte
1374 585 1466 610 mea
1483 570 1572 611 Sul-

369 635 474 684 picio
493 633 650 671 confido
669 638 714 672 et
733 633 909 684 Egnatio
937 633 1104 672 scilicet.
1165 633 1228 672 De
1252 633 1456 685 Appuleio
1474 634 1570 687 quid

369 701 434 734 est
451 695 560 748 quod
580 696 747 743 labores,
769 709 861 734 cum
881 698 935 734 sit
954 698 1160 735 excusatio
1181 696 1337 734 facilis?

423 758 514 797 Tibi
543 758 595 797 ad
625 771 691 797 me
721 762 874 806 venire,
904 764 951 797 ut
980 758 1175 806 ostendis,
1204 758 1296 797 vide
1325 772 1378 798 ne
1408 771 1491 798 non
1520 762 1573 805 sit

368 821 499 860 facile.
566 821 641 860 Est
669 823 780 860 enim
809 822 977 872 longum
1006 824 1097 870 iter,
1125 821 1489 873 discedentemque
1516 811 1572 870 te,

369 884 477 936 quod
497 884 688 923 celeriter
714 885 790 923 tibi
819 887 898 923 erit
926 884 1095 923 fortasse
1120 883 1366 931 faciendum,
1386 897 1467 922 non
1486 886 1573 923 sine

369 960 517 998 magno
536 947 675 986 dolore
694 947 910 986 dimittam.
968 946 1050 986 Sed
1074 949 1221 995 omnia,
1241 951 1288 986 ut
1307 946 1427 986 voles.
1486 946 1574 999 Ego

369 1013 492 1058 enim,
511 1010 704 1063 quicquid
723 1009 881 1057 feceris,
901 1009 943 1048 id
964 1023 1055 1048 cum
1076 1014 1188 1048 recte
1215 1014 1304 1048 tum
1333 1012 1456 1049 etiam
1484 1022 1574 1049 mea

369 1086 487 1111 causa
507 1073 660 1112 factum
680 1073 842 1124 putabo.

889 1255 1058 1293 XVIIIa

764 1349 904 1374 menno
934 1347 1075 1373 ATTxco
1105 1347 1183 1373 SAL.

84 1417 162 1455 Scr.
193 1418 353 1455 Asturae
426 1417 542 1464 Heri,
563 1431 655 1455 cum
675 1429 726 1455 ex
745 1415 914 1453 aliorum
943 1415 1092 1453 litteris
1119 1417 1396 1466 cognovissem
1418 1415 1471 1455 de
1491 1416 1571 1454 An-

89 1471 154 1509 Hl
176 1472 230 1509 ld·
369 1483 457 1519 toni
476 1480 669 1527 adventu,
687 1478 908 1517 admiratus
934 1491 1022 1517 sum
1049 1477 1148 1515 nihil
1173 1490 1262 1516 esse
1281 1480 1323 1516 in
1341 1480 1433 1517 tuis.
1491 1478 1572 1518 Sed

88 1525 203 1564 Mart·
220 1539 254 1564 α·
277 1527 353 1566 709
370 1549 487 1582 erant
517 1543 647 1594 pridie
679 1541 850 1580 fortasse
883 1543 1057 1592 scriptae
1088 1554 1210 1593 quam
1239 1539 1372 1579 datae.
1430 1541 1574 1595 Neque

367 1610 445 1646 ista
464 1606 629 1659 quidem
650 1617 770 1651 curo3
797 1603 870 1643 sed
890 1609 1028 1643 tamen
1047 1606 1191 1655 opinor
1216 1608 1382 1655 propter
1405 1603 1575 1656 praedes

367 1683 460 1709 suos
477 1671 759 1707 accucurrisse.

423 1732 543 1780 Quod
587 1733 726 1770 scribis
769 1730 1004 1769 Terentiam
1042 1730 1094 1768 de
1132 1730 1456 1781 obsignatoribus
1491 1733 1572 1769 mei

367 1797 605 1834 testamenti
624 1794 747 1846 loqui,
762 1796 936 1844 primum
950 1793 1027 1831 tibi
1046 1792 1244 1844 persuade
1263 1805 1329 1831 me
1348 1795 1474 1831 istaec
1492 1805 1573 1831 non

366 1871 505 1896 curare
538 1870 673 1909 neque
706 1869 794 1894 esse
827 1858 1042 1907 quicquam
1072 1860 1144 1894 aut
1177 1868 1323 1907 parvae
1353 1867 1472 1894 curae
1502 1860 1574 1894 aut

366 1933 494 1958 novae
524 1919 612 1958 loci.
676 1918 758 1958 Sed
789 1924 927 1956 tamen
958 1916 1055 1970 quid
1087 1917 1246 1956 simile?
1288 1917 1363 1956 Illa
1393 1931 1462 1957 eos
1490 1930 1572 1956 non

407 2053 421 2074 ²
445 2054 591 2095 Antony
616 2051 686 2084 had
709 2051 845 2094 bought
869 2050 1054 2093 Pompey's
1077 2049 1289 2083 confiscated
1307 2054 1489 2094 property,
1507 2049 1572 2084 but

365 2096 436 2131 had
453 2100 516 2129 not.
532 2095 615 2139 paid
642 2095 697 2128 for
717 2095 759 2135 it,
776 2093 847 2127 and
873 2093 928 2126 his
952 2094 1102 2126 sureties
1127 2104 1220 2126 were
1244 2094 1280 2126 in
1307 2093 1440 2138 danger
1463 2093 1501 2128 of
1525 2104 1571 2127 nn

366 2139 418 2180 36
