1572 2378
571 171 798 211 MARCUS
837 171 1080 211 TULLIUS
1118 171 1319 211 CICERO

339 262 603 319 afssll-eflffissm
622 245 687 314 (fit
701 262 810 297 enim
825 262 999 311 quicque
1014 236 1340 329 succurrit,)ibet
1352 259 1545 312 scribere)

340 327 534 374 proxime,
553 338 645 362 cum
665 325 772 364 Sesti
791 331 935 376 rogatu
953 325 1061 376 apud
1081 339 1175 364 eum
1192 325 1358 365 fuissem
1379 339 1544 379 exspec-

339 396 550 442 taremque
579 390 740 438 sedens,
759 391 891 446 quoad
912 405 1088 439 vocarer,
1106 391 1254 430 dixisse
1273 405 1391 431 eum:
1419 395 1445 416 “
1457 392 1545 445 Ego

338 457 539 504 dubitem,
569 459 668 508 quin
699 470 855 511 summo
884 459 927 495 in
953 457 1047 495 odio
1076 460 1164 505 sim,
1194 471 1286 496 cum
1317 458 1374 497 M.
1406 457 1545 498 Cicero

338 522 481 560 sedeat
495 535 572 560 nec
587 535 659 560 suo
673 510 884 560 commodo
897 535 964 561 me
979 525 1196 561 convenire
1210 525 1364 574 possit?
1403 523 1545 577 Atqui,

338 590 371 626 si
390 573 844 639 quisquansEgi''?dcil‘i‘s,
871 586 937 625 hic
964 592 1041 626 est.
1096 587 1251 626 Tamen
1277 601 1362 627 non
1387 589 1555 638 dubito,v

339 655 442 705 quin·
466 666 532 691 me
562 651 668 690 male
698 651 869 690 oderit.'‘
930 652 1046 708 121339
1075 658 1120 691 et
1149 655 1235 692 eius
1263 654 1375 693 modi
1403 655 1541 694 multa.

338 717 420 755 Sed
442 717 493 755 ad
517 719 778 768 propositum.
838 717 1041 769 Quicquid
1070 720 1148 756 erit
1175 731 1259 757 non
1285 719 1407 758 modo
1428 733 1543 778 ,ω’-88-

337 796 449 830 num,
487 782 559 821 sed
597 785 721 821 etiam
759 796 939 845 PJEOEP’
976 783 1137 822 scribes.
1204 783 1406 837 Equidem
1441 785 1541 824 nihil

336 850 617 887 intermittam.
628 887 640 892 ,

735 1059 876 1083 οιεειιο
904 1059 1045 1084 Αττιεο
1074 1059 1152 1085 SAL.

53 1133 131 1170 Ser,
152 1146 191 1170 m
397 1128 507 1166 Duas
535 1142 559 1165 a
585 1134 629 1166 te
656 1130 795 1179 accepi
824 1129 1017 1180 epistulas
1042 1129 1140 1168 heri.
1199 1130 1260 1168 Ex
1280 1135 1410 1182 priore
1429 1131 1543 1171 thea-

52 1186 260 1248 subusbano
340 1199 448 1232 trum
472 1194 770 1245 Publiliumque
788 1197 971 1245 cognovi,
990 1195 1096 1233 bona
1116 1198 1232 1246 signa
1253 1200 1544 1237 consentientis

57 1241 155 1279 Mau
181 1241 242 1279 VI
262 1242 319 1281 Id·
341 1259 625 1299 multitudinis.
686 1260 851 1299 Plausus
884 1274 977 1299 vero
1009 1260 1056 1299 L.
1095 1261 1230 1300 Cassio
1265 1262 1385 1302 datus
1421 1266 1543 1304 etiam

57 1298 148 1347 Apr‘
169 1309 205 1334 α’
230 1297 306 1336 710
340 1325 497 1364 facetus
526 1325 626 1363 mihi
656 1326 820 1377 quidem
850 1329 956 1364 visus
987 1332 1060 1365 est.
1118 1327 1262 1366 Altera
1289 1329 1464 1380 epistula
1490 1329 1544 1369 de

342 1392 510 1430 Madaro
541 1394 702 1443 scripta,
735 1392 843 1444 apud
876 1405 998 1444 quem
1030 1393 1189 1431 nullum
1221 1395 1469 1448 φαλάκρωμα,
1497 1401 1544 1436 ut

337 1462 467 1509 putas.
527 1457 726 1504 Processit
744 1460 866 1505 enim,
885 1458 958 1496 sed
977 1460 1121 1498 minus.
1177 1458 1341 1500 Diutius
1358 1475 1543 1502 sermone

338 1526 424 1562 eius
455 1537 545 1561 sum
578 1528 775 1561 retentus.
833 1522 954 1570 Quod
987 1528 1124 1562 autem
1154 1524 1206 1562 ad
1236 1530 1280 1564 te
1308 1530 1541 1578 scripseram

337 1589 506 1627 obscure
526 1588 708 1634 fortasse,
728 1588 771 1626 id
790 1591 876 1627 eius
895 1588 1005 1627 modi
1025 1594 1098 1628 est.
1156 1589 1306 1630 Aiebat
1333 1591 1542 1632 Caesarem

337 1667 488 1702 secum,
515 1667 596 1706 quo
623 1659 808 1704 tempore
838 1653 945 1692 Sesti
973 1659 1116 1704 rogatu
1144 1658 1236 1693 veni
1254 1656 1305 1694 ad
1326 1670 1434 1706 eum,
1451 1671 1542 1698 eum

337 1725 616 1771 exspectarem
650 1718 810 1766 sedenS,
840 1719 1014 1757 dixisse:
1052 1720 1180 1770 “Ego
1210 1734 1319 1760 nunc
1351 1727 1435 1762 tam
1467 1725 1541 1763 sim

337 1785 500 1833 stultus,
519 1790 565 1824 ut
583 1784 692 1823 hunc
712 1787 843 1835 ipsum
863 1784 1024 1822 facilem
1043 1784 1250 1824 hominem
1274 1793 1416 1838 putem
1443 1789 1541 1828 mihi

338 1864 426 1889 esse
445 1852 631 1897 amicum,
652 1863 744 1888 cum
763 1854 848 1887 tam
869 1849 938 1887 diu
958 1849 1104 1888 sedens
1122 1863 1258 1889 meum
1287 1853 1541 1892 commodum

338 1917 577 1967 exspectet?
591 1915 613 1929 ’³
665 1915 804 1953 Habes
824 1917 950 1966 igitur
969 1916 1207 1967 φαλάκρωμα
1225 1919 1540 1958 inimicissimum

337 1985 422 2029 otii,
443 1981 484 2023 id
504 1987 567 2020 est
587 1981 713 2020 Bruti.
1517 1986 1521 1991 '

445 2103 456 2123 ¹
482 2102 537 2135 isse.
557 2103 618 2134 the
634 2101 844 2144 productiori
862 2102 899 2134 of
919 2113 940 2134 a
955 2103 1060 2135 mime
1077 2103 1122 2145 by
1140 2103 1313 2136 Publilius
1330 2103 1428 2147 Syra.

339 2153 415 2187 218
