1572 2378
589 166 816 204 MARCUS
856 165 1101 205 TULLIUS
1140 166 1340 205 CICERO

358 267 562 293 recusasse
581 259 719 292 autem
740 268 794 301 sc,
817 268 870 293 ne
891 258 1015 305 patris
1035 258 1214 293 animum
1238 255 1488 301 offenderet;
1516 269 1565 294 ex

358 350 407 374 eo
436 338 512 375 sibi
539 336 654 375 illum
683 336 854 375 hostem.
914 337 1055 375 “Tum
1084 337 1188 385 me,”
1217 340 1360 390 inquit,
1383 337 1566 390 “collegi

357 433 512 467 verens,
534 433 587 459 ne
607 420 704 472 quid
723 419 823 458 mihi
847 420 916 459 ille
935 423 1061 459 iratus
1083 421 1159 458 tibi
1183 426 1361 460 noceret.
1422 421 1565 473 ltaque

357 515 451 541 eum
470 502 634 553 placavi.
695 502 750 541 Et
769 502 934 554 quidem
951 508 1046 542 W
1065 508 1188 550 certa,
1210 504 1364 555 reliqua
1385 507 1428 542 in
1451 505 1563 557 spe.”

357 585 506 623 Scribit
524 590 662 624 autem
683 585 837 624 Statius
856 586 972 624 illum
996 599 1088 624 cum
1111 591 1228 637 patre
1256 586 1441 626 habitare
1459 587 1564 626 velle

354 666 450 720 (hoc
481 681 576 706 vero
608 669 772 720 mirum)
807 674 850 706 et
882 668 923 706 id
957 668 1122 719 gaudet.
1196 669 1377 720 Ecquem
1409 674 1458 710 tu
1492 669 1564 708 illo

355 753 570 788 certiorem
590 750 864 789 nebulonem?

409 834 580 886 Ἐποχὴν
608 839 784 872 vestram
817 834 869 872 de
903 847 947 873 re
981 834 1080 872 Cani
1113 834 1250 884 probo,
1310 834 1423 872 Nihil
1452 847 1561 874 eram

352 920 578 968 suspicatus
603 917 656 956 de
679 917 838 965 tabulis,
864 918 1041 969 ἀκεραίως
1063 920 1296 956 restitutam
1323 918 1558 958 arbitrabar.

354 999 470 1048 Quae
491 1000 638 1047 differs,
659 1005 706 1038 ut
724 1013 884 1038 meeum
904 1013 1050 1047 coram,
1071 1001 1325 1051 exspectabo.
1381 1000 1562 1040 Tabella-

354 1086 442 1130 rios,
460 1083 593 1135 quoad
608 1083 731 1131 voles,
746 1085 930 1129 tenebis;
960 1097 1003 1122 es
1024 1086 1132 1122 enim
1152 1089 1382 1135 occupatus.
1439 1083 1560 1133 Quod

352 1166 405 1205 ad
434 1167 660 1213 Xenonem,
690 1166 826 1217 probe.
897 1165 1016 1213 Quod
1047 1166 1188 1213 scribo,
1220 1179 1311 1204 cum
1339 1166 1557 1205 absolvero.

354 1249 510 1296 Quinto
529 1252 723 1300 scripsisti
742 1254 785 1287 te
801 1248 852 1286 ad
873 1262 966 1286 eum
986 1248 1154 1286 litteras.
1206 1249 1336 1286 Nemo
1351 1248 1556 1288 attulerat.

353 1331 447 1369 Tiro
477 1337 603 1382 negat
632 1334 711 1368 iam
742 1331 817 1369 tibi
847 1330 1006 1381 placere
1038 1330 1296 1368 Brundisium
1323 1335 1368 1369 et
1395 1330 1559 1383 quidem

353 1414 488 1452 dicere
508 1413 661 1465 aliquid
681 1414 733 1452 de
753 1413 961 1453 militibus.
1020 1414 1079 1451 At
1108 1426 1186 1464 ego
1209 1416 1288 1451 iam
1313 1412 1559 1452 destinaram

356 1497 619 1548 Hydruntem
658 1496 833 1547 quidem.
911 1496 1132 1533 Movebant
1159 1509 1225 1534 me
1255 1500 1351 1533 tuae
1378 1498 1558 1548 quinque

352 1578 485 1616 horae.
566 1579 647 1616 Hic
694 1583 832 1616 autem
881 1583 1057 1629 quantus
1108 1578 1247 1619 πλοῦςέ
1326 1577 1407 1616 Sed
1447 1577 1557 1617 vide-

352 1661 494 1698 bimus.
554 1660 696 1698 Nullas
733 1673 757 1697 a
794 1665 837 1698 te
879 1672 920 1697 x¹
961 1659 1047 1697 Kal.
1107 1659 1280 1711 Quippe,
1314 1660 1412 1713 quid
1448 1663 1556 1700 enim

352 1745 431 1780 iam
479 1744 600 1780 novi?
678 1743 779 1780 Cum
822 1745 994 1792 primum
1034 1745 1158 1792 igitur
1206 1746 1366 1794 poteris,
1406 1747 1554 1783 venies.

353 1825 442 1876 Ego
484 1838 665 1876 propero,
707 1837 759 1863 ne
806 1830 902 1862 ante
942 1824 1114 1871 Sextus3
1170 1838 1291 1877 quem
1335 1825 1556 1866 adventare

351 1910 477 1946 aiunt.

352 2145 430 2179 852
