1572 2378
578 164 805 203 MARCUS
843 163 914 203 TU
924 163 1014 201 LLI
1023 163 1089 203 US
1128 163 1331 203 CICERO

348 256 472 292 etiam
490 255 767 304 persuasisset,
786 254 874 303 egit
897 265 1057 290 mecum
1085 257 1272 291 accurate
1299 251 1439 294 multis
1487 270 1511 284 ¹·
1555 250 1559 256 ’

348 315 422 361 bis,
453 314 528 351 tibi
562 318 609 351 ut
640 311 882 363 sponderem
916 325 959 351 se
992 312 1162 362 dignum
1195 317 1241 350 et
1275 316 1320 350 te
1357 317 1403 350 et
1436 323 1509 350 ιιο
1543 314 1559 362 >J

347 373 528 412 futurum
543 386 553 418 ;
581 386 716 424 neque
735 385 778 411 se
796 372 1015 423 postulare,
1029 377 1077 410 ut
1095 375 1234 410 statim
1253 371 1478 420 crederes,
1521 392 1523 403 =
1537 375 1554 399 ’·-’

348 447 438 471 cum
467 437 553 485 ipse
583 435 868 484 perspexisses,
887 438 975 470 tum
996 437 1042 470 ut
1064 445 1108 470 se
1129 444 1295 471 amares.
1353 431 1438 480 Qu·
1455 450 1463 465 ο
1487 442 1530 465 ··'⁵—
1549 460 1558 472 2

348 496 468 534 fidem
501 495 601 533 mihi
633 495 810 542 fecisset,
833 494 1154 546 iudicassemque
1186 493 1277 542 hoc,
1307 493 1415 547 quod
1448 486 1563 533 div'o‘kss

347 555 504 593 firmum
541 555 642 602 fore,
673 568 756 592 non
787 554 974 592 fecissem
1006 554 1061 601 id,
1093 553 1203 606 quod
1234 553 1418 592 dicturus
1449 545 1556 605 suffr

349 615 455 654 Duxi
476 618 585 654 enim
605 615 766 653 rffecum
784 614 1091 652 adulescentem
1113 613 1165 652 ad
1189 613 1371 654 Brutum.
1428 603 1559 676 ,Squ'j

345 677 558 727 probatum
587 680 664 722 est,
691 674 800 726 quod
828 674 878 712 ad
908 679 951 712 te
980 674 1123 721 scribo,
1143 678 1191 712 ut
1208 676 1295 724 ipse
1318 666 1483 713 credide

344 749 410 775 me
447 748 680 786 sponsorem
717 737 900 785 accipere
944 734 1133 781 noluerit,
1170 746 1346 785 eumque
1382 733 1423 772 la
1458 722 1555 779 oms

344 798 582 834 amicissime
603 797 855 833 mentionem
880 796 941 832 tui
966 793 1125 840 fecerit,
1144 793 1378 844 complexus
1397 806 1467 838 osc
1506 822 1509 828 .
1555 803 1557 807 ”

344 861 491 908 tusque
509 855 718 893 dimiserit.
769 854 902 901 Quam
920 854 973 892 ob
993 866 1093 901 rem,
1108 856 1185 892 etsi
1203 856 1331 904 magis
1350 859 1427 900 est,
1441 852 1553 907 quod

344 916 524 967 gratuler
542 916 630 961 tibi,
646 928 766 966 quam
786 913 894 965 quod
913 918 956 952 te
975 926 1127 964 rogem,
1143 919 1279 952 tamen
1301 916 1424 952 etiam
1439 911 1561 966 rogo,

344 982 402 1024 ut,
422 979 455 1015 si
474 989 577 1027 quae
602 978 735 1012 minus
758 978 879 1011 antea
902 979 1068 1024 propter
1096 973 1375 1012 infirmitatem
1402 976 1549 1014 aetatis

343 1042 577 1075 constanter
610 1036 660 1073 ab
693 1048 742 1072 eo
774 1033 859 1072 fieri
890 1033 1145 1080 videbantur,
1174 1032 1223 1072 ea
1250 1033 1404 1072 iudices
1433 1033 1569 1086 ὶῙῙῑΠΙ),Ι

341 1098 548 1144 abiecisse,
586 1095 766 1146 mihique
812 1093 952 1132 credas
999 1093 1174 1131 multum
1218 1092 1446 1143 allaturam,
1481 1093 1558 1161 ναξ

342 1157 558 1208 plurimum
591 1158 739 1206 potius,
770 1153 823 1192 ad
854 1153 961 1191 illius
999 1153 1192 1191 iudicium
1229 1150 1567 1214 confirmandum&

339 1220 623 1255 auctoritatem
642 1221 766 1254 tuam.
1467 1261 1470 1266 Δ
1561 1219 1567 1224 ’“

394 1277 521 1315 Bruto
549 1289 641 1314 cum
666 1288 787 1326 saepe
813 1276 1040 1312 iniecissem
1059 1273 1112 1312 de
1132 1273 1334 1326 ὅμοπλοίᾳ,
1353 1286 1436 1313 non
1454 1285 1530 1326 pez

339 1337 449 1383 inde,
467 1343 591 1388 atque
611 1348 689 1386 ego
707 1340 906 1386 putaram,
925 1336 1100 1384 arripere
1130 1336 1237 1372 visus
1263 1338 1338 1372 est.
1394 1332 1536 1375 Existi.
1549 1339 1561 1381 JV

337 1398 496 1436 mabam
525 1398 797 1447 μετεωρότερον
824 1407 926 1440 esse,
946 1399 990 1432 et
1009 1393 1174 1431 hercule
1199 1397 1288 1431 erat
1307 1397 1352 1431 et
1369 1406 1436 1431 ma
1465 1395 1475 1404 ⁰
1490 1412 1507 1426 ι»
1530 1420 1538 1426 -

338 1457 390 1496 de
409 1457 526 1496 ludis.
575 1456 633 1493 At
652 1455 766 1502 mihi,
784 1467 876 1492 cum
895 1454 947 1491 ad
967 1452 1101 1491 villam
1122 1453 1331 1500 redissem,
1350 1452 1419 1490 Cn.
1439 1451 1490 1492 L
1513 1475 1557 1501 a„

337 1520 459 1564 ceius,
479 1519 546 1568 qui
567 1515 741 1553 multum
761 1517 890 1552 utitur
917 1513 1055 1560 Bruto,
1078 1514 1255 1550 narravit
1282 1511 1396 1550 illum
1424 1524 1475 1551 va

336 1579 495 1624 morari,
514 1589 595 1614 non
615 1578 967 1626 tergiversantem,
986 1572 1058 1611 sed
1079 1577 1401 1624 exspectantem,
1420 1573 1453 1611 si
1480 1569 1557 1627 ⁶¹⁷¹

335 1637 441 1676 forte
469 1649 592 1675 casus.
653 1635 797 1686 Itaque
826 1633 982 1680 dubito,
1001 1646 1054 1670 au
1073 1632 1292 1671 Venusiam
1310 1631 1479 1671 tendam
1506 1639 1548 1682 -νζ

334 1697 391 1735 ibi
409 1701 645 1747 exspectem
665 1695 718 1733 de
737 1694 975 1745 legionibus.
1033 1692 1076 1731 Si
1104 1693 1290 1739 aberunt,
1310 1696 1357 1730 ut
1375 1693 1462 1744 qui·
1483 1684 1549 1737 132

332 1759 592 1800 arbitrantur,
630 1755 906 1807 Hydruntem,
938 1756 971 1791 si
1008 1758 1199 1791 neutrum
1237 1754 1316 1791 erit
1351 1751 1460 1791 daus

333 1817 477 1856 eodem
498 1821 687 1854 revertar.
746 1815 872 1852 Iocari
900 1825 966 1851 me
994 1813 1140 1864 putas?
1198 1812 1361 1859 Moriar,
1379 1814 1413 1850 si
1430 1823 1540 1868 q¹

331 1890 450 1929 quam
488 1890 554 1914 me
591 1881 709 1914 tenet
746 1878 908 1925 praeter
943 1878 998 1911 te.
1066 1872 1231 1910 Etenim
1263 1873 1493 1923 circumsp'
1519 1882 1522 1884 ’

331 1938 403 1976 sed
420 1931 640 1988 antequam
659 1935 863 1973 erubesco.
922 1932 960 1971 O
989 1931 1076 1970 dies
1106 1934 1148 1969 in
1174 1932 1362 1982 auspiciis
1391 1929 1452 1972 Le
1479 1946 1550 1988 ις..

373 2058 387 2081 ²
409 2046 570 2098 Possibiy
587 2055 688 2088 there
704 2054 734 2086 is
750 2063 845 2086 some
860 2051 1064 2095 corruption
1081 2051 1118 2084 in
1134 2050 1195 2084 the
1211 2053 1291 2084 text
1305 2049 1400 2091 here,
1417 2058 1459 2084 u
1500 2062 1514 2076 -ι
1528 2033 1544 2070 :s

329 2101 468 2135 remark
485 2110 596 2134 seems
612 2097 793 2131 senseless.

329 2144 408 2186 886
