1546 2378
545 165 772 204 MARCUS
811 165 1056 204 TULLIUS
1095 166 1296 206 CICERO

315 254 368 291 de
400 254 604 292 Postumia
633 255 724 292 sciri
757 259 906 305 potest,
936 254 1037 292 illud
1065 259 1204 292 autem
1232 254 1286 294 de
1316 254 1372 294 M.
1402 254 1521 294 Cotta

315 321 387 354 aut
404 315 456 354 de
477 315 578 367 Syro
597 321 668 354 aut
687 316 740 354 de
760 316 915 368 Satyro.
1513 363 1515 365 ¹

372 378 434 417 De
453 378 581 417 hortis
600 381 724 417 etiam
743 384 866 430 atque
888 382 1008 417 etiam
1030 393 1138 431 roge.
1197 379 1398 419 Omnibus
1421 382 1522 419 meis

315 454 549 492 eorumque,
568 454 668 493 quos
687 444 768 479 scio
788 441 887 479 mihi
912 456 993 480 non
1016 442 1242 490 defuturos,
1261 442 1521 482 facultatibus

314 504 405 556 (sed
426 509 568 555 potero
586 503 706 557 meis)
729 504 971 542 enitendum
998 505 1099 543 mihi
1128 510 1201 544 est.
1260 504 1366 544 Sunt
1384 507 1522 552 etiam,

315 580 418 618 quae
452 566 630 605 vendere
663 566 782 605 facile
815 569 975 618 possim.
1038 567 1121 606 Sed
1154 573 1201 607 ut
1232 581 1314 606 non
1349 566 1520 607 vendam

315 632 434 680 eique
453 642 613 667 usuram
633 629 825 680 pendam,
838 643 861 667 a
876 642 957 681 quo
976 643 1127 678 emero,
1146 644 1228 668 non
1249 630 1339 682 plus
1357 643 1521 678 annum,

316 706 475 743 possum
495 692 676 743 adsequi,
697 691 806 744 quod
826 692 929 740 volo,
948 695 980 731 si
1006 697 1053 731 tu
1078 706 1145 731 me
1171 693 1346 732 adiuvas.
1406 692 1521 732 Para-

315 757 459 793 tissimi
487 760 582 793 sunt
614 755 758 801 Drusi3
790 757 903 806 cupit
931 758 1040 793 enim
1068 755 1257 794 vendere.
1319 755 1522 794 Proximos

317 822 416 869 puto
438 817 624 863 Lamiae3
653 818 725 856 sed
744 819 871 856 abest.
929 817 990 856 Tu
1021 823 1174 866 tamen,
1203 820 1236 856 si
1265 817 1362 870 quid
1391 822 1521 869 potes,

316 880 493 918 odorare.
553 880 616 918 Ne
645 879 765 918 Silius
794 880 960 932 quidem
989 883 1204 932 quicquam
1232 883 1360 919 utitur
1379 882 1460 920 suis
1478 885 1523 919 et

317 946 349 981 is
362 943 375 967 1
397 946 524 981 usuris
544 942 735 981 facillime
755 943 1059 982 sustentabitur.
1123 943 1242 981 Habe
1263 948 1378 981 tuum
1397 955 1521 995 nego-

316 1009 432 1052 tium,
452 1019 542 1053 ne0‚
561 1005 659 1057 quid
680 1019 742 1044 res
762 1019 851 1044 mea
873 1005 1076 1044 familiaris
1095 1005 1291 1057 postulet,
1304 1019 1426 1058 quam
1444 1019 1522 1058 ego

318 1082 398 1106 non
419 1082 527 1114 curo,
547 1068 619 1107 sed
639 1068 736 1120 quid
759 1068 893 1116 velim,
914 1071 1112 1107 existima.

852 1218 995 1256 XXIII

711 1311 852 1335 CICERO
882 1310 1022 1335 ATTICO
1051 1311 1092 1335 SA
1099 1311 1129 1336 L.

36 1387 113 1423 Scr.
142 1384 302 1422 Asturae
376 1379 562 1416 Putaram
594 1383 636 1415 te
666 1377 818 1428 aliquid
852 1379 958 1424 novi,
991 1377 1100 1429 quod
1134 1381 1219 1417 eius
1252 1378 1361 1416 modi
1391 1377 1523 1418 fuerat

39 1438 139 1477 XIV
159 1438 204 1476 K.
317 1444 480 1480 initium
508 1441 749 1487 litterarum,
779 1443 997 1491 “quamvis
1026 1453 1108 1478 non
1136 1453 1332 1488 curarem,
1356 1440 1454 1492 quid
1482 1444 1521 1479 in

37 1495 128 1546 ΑΡΤ·
149 1506 184 1531 ‘¹-
212 1493 287 1532 709
321 1505 520 1555 Hispania
539 1503 666 1550 fieret,
686 1508 825 1540 tamen
845 1507 887 1540 te
908 1505 1151 1553 scripturum
1165 1503 1213 1550 '’;
1240 1503 1314 1542 sed
1332 1503 1524 1543 videlicet

319 1570 420 1605 meis
447 1566 596 1605 litteris
623 1565 867 1616 respondisti
888 1570 934 1603 ut
953 1565 1005 1603 de
1025 1565 1112 1603 foro
1132 1571 1176 1605 et
1194 1565 1246 1605 de
1266 1569 1385 1605 curia.
1442 1565 1523 1606 Sed

318 1631 461 1668 domus
480 1635 557 1674 est,
576 1634 623 1667 ut
641 1631 712 1675 ais,
733 1627 876 1666 forum.
932 1627 1042 1675 Quid
1062 1631 1148 1679 ipsa
1166 1628 1288 1667 domo
1306 1629 1406 1667 mihi
1425 1642 1524 1681 opus

318 1698 382 1732 est
404 1695 557 1731 carenti
583 1691 698 1729 foro?
755 1690 1002 1738 occidimus,
1022 1691 1253 1739 occidimus,
1274 1691 1427 1740 Attice,
1446 1695 1523 1731 iam

318 1756 475 1807 pridem
505 1767 577 1792 nos
605 1754 784 1806 quidem,
814 1753 886 1791 sed
915 1767 1023 1791 nunc
1053 1753 1240 1800 fatemur,
1264 1760 1524 1807 posteaquam

319 1832 457 1865 unum,
472 1830 552 1869 quo
570 1817 824 1863 tenebamur,
839 1818 1054 1854 amisimus.
1108 1816 1248 1867 Itaque
1263 1817 1524 1857 solitudinem

318 1894 476 1932 sequor,
492 1885 536 1919 et
554 1884 708 1926 tamen,
723 1881 754 1917 si
774 1892 853 1930 qua
872 1891 938 1917 me
958 1892 1022 1917 res
1041 1881 1119 1917 isto
1138 1879 1367 1927 adduxerit,
1381 1883 1524 1928 enitar,

318 1947 351 1982 si
365 1957 446 1995 quo
459 1942 580 1981 modo
595 1947 737 1992 potero
752 1940 912 1993 (potero
926 1940 1097 1993 autem),
1109 1947 1156 1980 ut
1170 1947 1332 1993 praeter
1345 1947 1389 1982 te
1403 1956 1524 1983 nemo

318 2006 498 2045 dolorem
527 2018 663 2043 meum
691 2007 856 2046 sentiat,
885 2007 917 2042 si
946 2004 1029 2042 ullo
1056 2004 1178 2042 modo
1207 2008 1371 2055 poterit,
1396 2019 1451 2045 ne
1477 2011 1522 2046 tu

580 2086 590 2106 ¹
614 2086 687 2118 suis
702 2091 739 2117 et
757 2086 785 2117 is
813 2085 1022 2127 Weaenbery:
1047 2090 1084 2118 et
1101 2087 1143 2118 iis
1163 2086 1264 2119 MSS.

322 2138 372 2171 48
