1572 2378
551 139 779 180 MARCUS
819 141 1064 181 TULLIUS
1104 143 1306 182 CICERO

324 228 436 265 nobis
455 230 551 265 satis
572 227 727 275 fecerit,
753 234 884 267 totum
914 243 980 268 me
1009 229 1190 269 futurum
1220 245 1346 269 suum.
1406 231 1528 271 Dola-

322 281 470 319 bellam
490 295 608 332 spero
627 283 735 320 domi
756 297 855 323 esse.

377 336 603 375 Redeamus
628 337 680 374 ad
705 344 874 376 nostros.
935 338 998 376 De
1018 340 1162 390 quibus
1181 344 1228 378 tu
1247 340 1394 378 bonam
1413 353 1528 392 spem

321 396 362 427 te
383 391 583 441 significas
603 391 752 430 habere
772 398 939 443 propter
963 393 1189 431 edictorum
1217 393 1525 435 humanitatem.

323 445 408 495 Ego
427 450 566 483 autem
586 449 787 497 perspexi,
802 460 894 484 cum
908 461 932 484 a
947 461 1012 485 me
1028 460 1108 486 xvn
1131 447 1219 488 Kal.
1235 448 1289 487 de
1305 448 1528 488 Puteolano

323 499 534 549 Neapolim
569 499 721 538 Pansae
755 501 1024 540 conveniendi
1057 515 1175 540 causa
1209 502 1528 554 proficisceretur

322 553 493 601 Hirtius,
523 567 685 592 omnem
719 557 804 594 eius
836 568 1010 596 sensum.
1069 556 1220 595 Seduxi
1255 561 1366 596 enim
1398 563 1443 597 et
1473 559 1526 597 ad

321 621 460 658 pacem
489 622 578 646 sum
606 609 850 648 cohortatus.
909 610 1004 648 Non
1023 615 1184 661 poterat
1201 611 1358 651 scilicet
1375 625 1526 664 negare

320 675 363 701 se
393 662 500 701 velle
530 676 685 714 pacem,
716 663 788 702 sed
818 678 901 702 non
930 668 1063 703 minus
1092 678 1135 703 se
1164 671 1393 705 nostrorum
1416 679 1526 706 arma

319 720 464 756 timere
496 730 617 769 quam
652 718 820 764 Antoni,
851 724 895 757 et
924 725 1064 758 tamen
1097 725 1289 772 utrosque
1322 734 1406 759 non
1437 723 1526 761 sine

318 784 437 809 causa
473 772 718 822 praesidium
757 773 919 821 habere,
953 786 997 812 se
1033 779 1171 812 autem
1208 780 1380 827 utraque
1415 788 1526 815 arma

318 831 514 864 metuere.
573 826 684 874 Quid
704 828 890 878 quaeris?
947 828 1051 868 οὐδὲν
1069 829 1178 879 ὑγιές.

374 880 438 919 De
458 880 614 928 Quinto
634 881 715 919 filio
734 882 810 919 tibi
829 882 1046 922 adsentior.
1098 882 1206 921 Patri
1225 883 1392 935 quidem
1411 889 1524 923 certe

317 937 568 985 gratissimae
592 935 723 974 bellae
751 941 846 974 tuae
876 936 1039 975 litterae
1066 936 1245 977 fuerunt.
1303 938 1524 978 Caerelliae

318 1003 411 1028 vero
440 989 558 1028 facile
587 993 683 1028 satis
712 990 814 1036 feci3
852 1004 929 1029 nec
958 991 1075 1029 valde
1104 991 1285 1030 laborare
1312 992 1413 1031 mihi
1439 995 1525 1032 visa

318 1049 394 1092 est,
414 1049 471 1092 et,
491 1047 523 1082 si
543 1044 624 1090 illa,
645 1058 721 1095 ego
741 1050 853 1083 certe
872 1059 954 1082 non
974 1045 1208 1086 laborarem.
1267 1046 1392 1085 Istam
1416 1060 1524 1096 vero,

317 1112 437 1150 quam
465 1100 540 1136 tibi
568 1099 780 1137 molestam
810 1100 950 1137 scribis
978 1113 1079 1147 esse,
1105 1100 1285 1138 auditam
1311 1115 1336 1138 a
1363 1106 1407 1140 te
1435 1114 1524 1141 esse

316 1155 481 1191 omnino
508 1152 694 1191 demiror.
754 1154 870 1200 Nam,
896 1155 1004 1205 quod
1034 1168 1124 1192 eam
1151 1154 1388 1194 conlaudavi
1414 1155 1523 1208 apud

316 1209 465 1246 amicos
483 1207 742 1246 audientibus
772 1209 900 1246 tribus
930 1208 1018 1246 filiis
1048 1211 1134 1247 eius
1159 1214 1204 1248 et
1225 1209 1305 1247 filia
1326 1215 1409 1257 tua,
1427 1210 1469 1250 τί
1483 1213 1523 1250 ἐκ

315 1264 449 1302 τούτου
455 1281 467 1308 ,·
480 1263 493 1287 ¹

352 1350 499 1398 “Quid
521 1356 584 1388 est
602 1352 754 1398 autem,
774 1364 844 1388 cur
864 1363 940 1401 ego
959 1353 1197 1401 personatus
1216 1352 1448 1391 ambulem?
1463 1351 1484 1366 '⁸

320 1439 516 1476 Parumne
537 1439 656 1477 foeda
675 1452 846 1490 persona
866 1445 929 1477 est
948 1442 1071 1490 ipsius
1090 1441 1341 1478 senectutis?
1519 1464 1523 1467 <

370 1493 491 1541 Quod
521 1493 669 1531 Brutus
698 1499 826 1543 rogat,
846 1499 893 1532 ut
911 1499 1008 1531 ante
1030 1494 1248 1541 Kalendas,
1266 1494 1319 1533 ad
1338 1507 1404 1534 me
1423 1508 1521 1547 quo-

315 1562 394 1599 que
428 1550 599 1598 scripsit,
634 1553 678 1586 et
715 1548 884 1586 fortasse
922 1548 1077 1586 faciam.
1135 1548 1218 1587 Sed
1254 1549 1390 1599 plane,
1422 1549 1520 1601 quid

315 1602 426 1650 velit,
446 1605 593 1640 nescio.
652 1602 761 1650 Quid
782 1605 891 1640 enim
910 1602 969 1640 illi
987 1602 1148 1641 adferre
1167 1603 1323 1642 consilii
1345 1617 1520 1655 possum,

317 1670 406 1695 cum
434 1659 520 1707 ipse
549 1669 693 1706 egeam
721 1656 900 1703 consilio,
921 1662 965 1694 et
983 1670 1075 1694 cum
1094 1657 1163 1695 ille
1183 1670 1279 1696 suae
1297 1658 1520 1697 inmortali-

314 1714 389 1750 tati
410 1711 553 1749 melius
574 1724 693 1762 quam
713 1716 851 1749 nostro
870 1714 953 1748 otio
973 1711 1247 1750 consuluerit?
1299 1711 1364 1751 De
1379 1715 1519 1764 regina

316 1778 448 1804 rumor
468 1768 750 1816 exstinguitur.
811 1765 874 1803 De
896 1765 1088 1813 Flamma,
1107 1766 1273 1804 obsecro
1292 1771 1349 1814 te,
1368 1769 1401 1805 si
1420 1767 1525 1819 quid

313 1825 440 1871 potes.

355 1930 368 1951 ¹
390 1931 430 1963 τὸ
448 1931 483 1962 ἐκ
498 1929 616 1962 τούτου
639 1927 725 1971 quid
749 1931 804 1960 est
828 1927 892 1960 hoo
916 1927 1021 1960 MSS.
1075 1928 1144 1961 The
1168 1928 1275 1962 Latin
1298 1929 1409 1962 words
1431 1939 1515 1963 wera

313 1974 475 2007 excluded
491 1972 533 2015 by
549 1971 750 2011 Lambinus,
769 1972 802 2004 τί
817 1972 992 2013 suyyeseed
1007 1971 1050 2014 by
1067 1971 1102 2003 K
1102 1982 1213 2014 amer.

314 2125 390 2165 294
