1572 2378
550 163 777 202 MARCUS
817 162 1061 201 TULLIUS
1101 162 1301 200 CICERO

810 283 1034 321 XXXVIII

719 375 857 399 CICERO
889 375 1026 399 ATTICO
1056 374 1134 400 SAL.

35 445 114 484 Scr.
143 444 303 483 Asturae
379 443 470 481 Non
498 443 655 490 dubito,
674 445 773 494 quin
797 444 1127 492 occupatissimus
1148 441 1286 489 fueris,
1303 443 1374 494 qui
1391 441 1445 480 ad
1462 454 1530 480 me

34 499 132 550 prul·
154 498 197 537 Ν
195 512 253 537 ⁰⁷²·
323 507 426 546 nihil
454 509 706 553 litterarum;
735 507 808 546 sed
828 507 948 545 homo
966 521 1156 559 nequam,
1185 509 1255 558 qui
1281 511 1399 546 tuum
1426 519 1529 545 com·
1570 498 1572 502 ¹

36 554 134 592 Dsm·
154 567 189 592 α·
214 554 291 593 709
324 574 491 611 modum
509 587 591 612 non
611 576 872 624 exspectarit,
899 586 992 612 cum
1019 573 1072 611 ob
1100 585 1191 611 eam
1219 585 1341 611 unam
1369 586 1527 611 causam

320 641 464 676 missus
484 644 603 677 esset.
663 638 699 676 N
704 651 782 676 unc
806 638 985 689 quidem,
1006 640 1083 676 nisi
1101 637 1200 690 quid
1218 643 1262 676 te
1280 641 1430 686 tenuit,
1449 650 1529 677 sus-

318 706 430 755 picor
457 709 501 742 te
530 717 618 742 esse
647 706 689 741 in
718 705 960 742 suburbano.
1019 703 1076 742 At
1107 717 1184 754 ego
1215 702 1281 741 hic
1314 703 1528 743 scribendo

318 768 407 808 dies
424 775 533 808 totos
551 769 654 807 nihil
674 770 865 821 equidem
883 769 1008 816 levor,
1027 769 1100 807 sed
1120 774 1260 807 tamen
1278 769 1431 808 aberro.

373 836 537 873 Asinius
577 835 704 873 Pollio
741 835 792 872 ad
830 847 897 872 me
930 837 1090 885 scripsit
1119 833 1172 872 de
1202 836 1360 886 impuro
1389 840 1528 874 nostro

318 907 502 951 cognato.
573 901 693 949 Quod
736 900 885 939 Balbus
921 903 1054 938 minor
1091 912 1222 951 nuper
1257 902 1356 939 satis
1393 900 1526 951 plane,

320 966 534 1005 Dolabella
552 968 735 1013 obscure,
751 966 817 1004 hic
836 969 1102 1018 apertissime.
1153 965 1186 1004 F
1187 979 1318 1005 errem
1336 969 1526 1018 graviter,

318 1034 351 1070 si
369 1045 498 1071 novae
518 1034 792 1083 aegrimoniae
810 1031 922 1070 locus
943 1036 1062 1070 esset.
1121 1030 1202 1070 Sed
1221 1036 1360 1070 tamen
1381 1032 1527 1084 ecquid

318 1099 543 1148 impurius?
587 1098 624 1136 Ο
641 1097 848 1136 hominem
863 1087 1111 1136 cavendum!
1157 1096 1412 1148 Quamquam
1427 1097 1527 1136 mihi

318 1163 613 1214 quidem—sed
641 1164 846 1201 tenendus
875 1162 989 1200 dolor
1018 1167 1091 1200 est.
1150 1162 1225 1208 Tu,
1249 1165 1440 1213 quoniam
1460 1177 1524 1202 ne·

318 1242 429 1266 cesse
450 1228 551 1266 nihil
572 1234 649 1276 est,
669 1231 724 1267 sic
744 1229 894 1266 scribes
913 1227 1079 1279 aliquid,
1098 1229 1132 1266 si
1152 1227 1320 1265 vacabis.

801 1415 832 1451 X
842 1415 914 1451 XX
923 1414 952 1449 V
961 1414 1048 1451 Illa

716 1507 855 1532 elcuno
886 1506 1026 1531 A’r'rlco
1054 1506 1132 1533 SAL.

33 1581 113 1619 Sor.
142 1579 303 1618 Asturae
375 1575 498 1622 Quod
525 1580 643 1625 putas
671 1579 859 1625 oportere
890 1573 1089 1624 pervideri
1111 1576 1190 1611 iam
1214 1576 1338 1611 animi
1361 1576 1440 1612 mei
1462 1574 1513 1613 fir⁴

35 1634 134 1673 Non·
156 1633 254 1671 Μαί·
319 1644 506 1679 mitatem
542 1642 784 1691 graviusque
823 1639 1018 1691 quosdam
1055 1640 1193 1676 scribis
1230 1639 1283 1677 de
1316 1653 1382 1677 me
1416 1639 1522 1690 loqui

34 1703 69 1727 a·
94 1689 171 1728 709
321 1719 442 1758 quam
460 1710 532 1743 aut
549 1710 593 1743 te
613 1705 787 1743 scribere
813 1709 884 1742 aut
910 1703 1094 1751 Brutum,
1114 1706 1160 1751 si,
1179 1706 1248 1755 qui
1267 1717 1333 1742 me
1352 1703 1522 1743 fractum
1570 1747 1572 1749 ¹

321 1785 408 1810 esse
428 1774 563 1808 animo
582 1775 626 1808 et
644 1769 902 1808 debilitatum
934 1774 1095 1820 putant,
1122 1771 1264 1815 sciant,
1292 1769 1390 1821 quid
1418 1769 1523 1810 litte-
1570 1790 1572 1798 ι

319 1850 452 1874 rarum
489 1841 533 1874 et
569 1838 682 1874 cuius
719 1837 882 1886 generis
915 1835 1138 1882 conficiam,
1171 1834 1304 1881 credo,
1339 1836 1373 1872 si
1404 1834 1524 1873 modo

318 1903 501 1940 homines
529 1905 625 1949 sint,
653 1903 890 1940 existiment
912 1914 991 1947 me,
1015 1902 1099 1939 sive
1118 1902 1176 1938 ita
1194 1899 1350 1938 levatus
1369 1903 1458 1949 sim,
1476 1909 1521 1940 ut

314 1971 493 2005 animum
514 1980 681 2004 vacuum
703 1966 753 2003 ad
776 1979 838 2003 res
861 1965 1041 2003 difficiles
1070 1965 1301 2003 scribendas
1329 1965 1522 2012 adferam,
1570 1956 1572 1958 ,

316 2055 369 2131 ᾗ]
396 2055 462 2087 His
479 2033 1126 2098 nePheZWhI)*hilssffisesdaesar
1149 2053 1220 2086 and
1244 2064 1315 2087 was
1336 2053 1523 2097 traducing
1569 2103 1572 2106 ι

341 2109 399 2131 im.

316 2145 366 2183 78
