1592 2366
594 154 821 194 MARCUS
858 154 1104 194 TULLIUS
1143 155 1344 195 CICERO

363 246 476 291 puto,
497 244 614 280 nosti.
671 241 784 280 Nihil
804 242 885 280 vidi
906 242 1075 281 foedius.
1125 242 1208 282 Sed
1226 227 1380 283 adsum.>
1430 243 1572 283 Coram

361 320 497 368 igitur.

418 395 644 446 Obsignata
657 396 832 447 epistula
845 400 983 448 accepi
1001 402 1102 436 tuas.
1145 398 1307 436 Atticae
1323 397 1570 438 hilaritatem

361 471 539 510 libenter
557 472 689 511 audio.
748 472 1108 511 Commotiunculis
1128 475 1356 527 συμπάσχω.

923 646 1006 685 XII

757 746 897 772 CICERO
927 746 1068 772 ATTICO
1097 747 1174 774 SAL.

76 819 155 859 Scr.
181 819 343 858 Asturae
417 821 480 860 De
509 821 607 860 dote
635 826 752 860 tanto
780 825 908 872 magis
935 835 1150 873 perpurga.
1209 822 1323 860 Balbi
1343 826 1455 874 regia
1473 836 1568 862 con-

79 873 205 912 XVII
222 873 272 912 K.

79 927 170 979 Apr.
191 942 227 967 α.
252 930 329 969 709

361 898 466 936 dicio
486 903 549 936 est
569 897 799 948 delegandi.
858 897 1032 949 Quoquo
1060 897 1182 936 modo
1210 898 1374 936 confice.
1431 898 1567 951 Turpe

359 980 423 1013 est
452 988 539 1013 rem
568 974 807 1025 impeditam
840 977 984 1013 iacere.
1044 974 1182 1013 Insula
1212 975 1386 1026 Arpinas
1415 974 1567 1016 habere

357 1056 494 1103 potest
518 1064 753 1102 germanam
773 1051 985 1092 ἀποθέωσιν
990 1070 1003 1097 ‚·
1031 1051 1104 1089 sed
1123 1064 1276 1098 vereor,
1296 1065 1349 1090 ne
1369 1055 1566 1091 minorem

355 1129 467 1179 τιμὴν
485 1127 635 1166 habere
655 1127 841 1166 videatur
863 1129 1100 1179 ἔκτοπισμός.
1161 1128 1235 1166 Est
1259 1131 1385 1179 igitur
1409 1132 1566 1168 animus

356 1207 398 1243 in
417 1204 544 1243 hortis
560 1218 568 1250 ;
599 1218 698 1256 quos
718 1210 857 1243 tamen
877 1207 1101 1256 inspiciam,
1120 1218 1213 1244 cum
1233 1218 1393 1244 venero.

411 1281 475 1319 De
497 1282 684 1332 Epicuro,
704 1286 752 1320 ut
771 1281 909 1327 voles;
935 1284 1012 1319 etsi
1040 1282 1332 1332 μεθαρμόσομαι
1358 1284 1401 1320 in
1429 1287 1563 1334 poste-

356 1373 444 1397 rum
472 1371 603 1410 genus
631 1357 708 1396 hoc
737 1339 1010 1409 personatum.
1070 1358 1316 1396 Incredibile
1343 1364 1420 1406 est,
1443 1371 1564 1411 quam

356 1449 403 1474 ea
418 1435 582 1487 quidam
598 1438 816 1486 requirant.
867 1435 932 1473 Ad
952 1437 1141 1487 antiquos
1161 1438 1309 1485 igitur;
1335 1437 1565 1487 ἀνεμέσητον

354 1515 437 1565 γάρ.
498 1512 611 1549 Nihil
639 1511 783 1559 habeo,
810 1511 861 1550 ad
892 1517 936 1550 te
965 1511 1075 1564 quod
1104 1513 1289 1559 scribam,
1320 1511 1393 1550 sed
1423 1517 1562 1552 tamen

353 1591 512 1628 institui
540 1587 689 1627 cotidie
718 1591 897 1635 mittere,
926 1593 973 1626 ut
1002 1588 1159 1626 eliciam
1181 1593 1270 1626 tuas
1290 1587 1460 1635 litteras,
1479 1601 1561 1627 non

353 1679 433 1718 quo
461 1665 613 1717 aliquid
642 1678 692 1703 ex
720 1667 768 1703 iis
797 1670 1045 1716 exspectem,
1071 1664 1144 1703 sed
1169 1666 1306 1703 nescio
1333 1678 1414 1716 quo
1442 1664 1562 1704 modo

352 1748 492 1782 tamen
530 1747 734 1794 exspecto.
804 1741 953 1789 Quare,
984 1744 1068 1780 sive
1101 1741 1227 1780 habes
1259 1740 1356 1792 quid
1387 1744 1473 1780 sive
1503 1741 1560 1780 nil

353 1818 492 1866 habes,
511 1819 640 1857 scribe
660 1823 800 1856 tamen
819 1817 971 1869 aliquid
992 1823 1117 1870 teque
1137 1831 1242 1856 cura.

396 1948 411 1970 ²
431 1949 506 1982 The
533 1948 612 1981 first
642 1951 808 1981 sentence
831 1948 942 1980 refers
964 1951 1003 1980 to
1026 1947 1088 1981 the
1115 1950 1324 1990 repayment
1345 1947 1384 1980 of
1413 1946 1559 1981 Tullia’s

353 1993 501 2035 dowry;
534 1992 596 2025 the
623 1992 752 2024 second
779 1995 818 2024 to
848 1991 1000 2026 Cicero’s
1022 1991 1109 2024 debt,
1133 1995 1172 2024 to
1194 1991 1250 2024 his
1273 1990 1439 2024 divoroed
1462 1990 1555 2026 wife.

352 2037 438 2070 This
454 2036 620 2069 Terentia
636 2035 707 2068 had
723 2034 825 2068 made
849 2045 933 2069 over
956 2038 994 2069 to
1016 2034 1149 2068 Balbus
1171 2035 1208 2068 in
1231 2034 1335 2068 order
1357 2037 1396 2068 tao
1418 2034 1559 2069 enforoe

352 2131 404 2165 24
