1572 2378
559 173 786 212 MARCUS
825 173 1069 212 TULLIUS
1108 173 1310 213 CICERO

866 357 1002 395 XXVI

728 458 867 482 emano
898 458 1038 483 ATTICO
1069 458 1145 484 SAL.

45 532 121 570 Scr-
143 531 182 570 in
385 532 450 571 De
480 533 624 580 Quinti
654 536 821 584 negotio
850 533 968 571 video
996 547 1019 570 a
1051 538 1092 571 te
1122 535 1257 570 omnia
1286 532 1404 571 facta.
1463 531 1539 571 me

46 586 222 639 Arpina&
257 585 292 624 V
292 585 316 623 Ῑ
332 604 467 637 tamen
489 599 603 637 dolet
621 598 825 646 dubitans,
846 604 983 636 utrum
1003 611 1155 637 morem
1176 603 1292 649 gerat
1314 598 1469 649 Leptae
1486 610 1539 639 an

48 640 291 735 Nogllffiumt
332 665 453 704 fidem
473 665 650 704 infirmet
670 664 760 702 filio.
819 664 1006 702 Inaudivi
1027 664 1071 702 L.
1098 664 1283 702 Pisonem
1304 664 1408 702 velle
1428 663 1540 707 exire

45 709 67 732 a
332 727 513 778 legatum
537 728 808 780 ψευδεγγράφῳ
831 733 995 766 senatus
1018 727 1213 766 consulto.
1274 726 1406 765 Velim
1422 728 1536 773 scire,

331 793 428 845 quid
457 795 520 831 sit.
579 793 828 831 Tabellarius
858 793 940 841 ille,
960 806 1082 844 quem
1110 793 1186 844 tibi
1213 792 1394 831 dixeram
1422 801 1541 832 aime

330 859 380 896 ad
406 859 577 897 Brutum
596 872 684 897 esse
707 861 887 906 missum,
910 861 953 896 in
980 859 1240 909 Anagninum
1262 857 1314 896 ad
1337 869 1403 896 me
1428 859 1540 895 venit

331 937 378 963 ea
397 929 529 971 nocte,
552 937 655 975 quae
675 926 857 974 proxima
877 929 973 962 ante
1003 923 1089 960 Kal.
1111 922 1200 970 fuit,
1223 923 1461 974 litterasque
1487 921 1538 960 ad

329 1004 395 1029 me
414 990 579 1036 attulit3
608 993 651 1027 in
670 991 815 1042 quibus
835 1003 959 1028 unum
980 990 1160 1027 alienum
1180 1002 1336 1027 summa
1355 1001 1426 1027 sua
1444 1001 1538 1040 pru-

329 1056 479 1103 dentia,
503 1056 611 1094 idem
631 1055 745 1102 illud,
766 1061 813 1094 ut
832 1060 1014 1106 spectem
1035 1054 1152 1093 ludos
1171 1067 1274 1092 suos.
1336 1053 1535 1106 Rescripsi

328 1121 484 1160 scilicet
502 1124 676 1172 primum
700 1134 765 1159 me
789 1123 868 1159 iam
891 1120 1131 1172 profectum,
1154 1125 1201 1157 ut
1223 1132 1305 1157 non
1330 1121 1537 1170 integrum

329 1188 406 1231 sit3
435 1185 585 1224 deinde
611 1186 850 1224 ἀτοπώτατον
876 1197 964 1222 esse
988 1197 1063 1230 me,
1090 1186 1158 1235 qui
1187 1182 1352 1220 Romam
1375 1183 1540 1220 omnino

332 1256 424 1301 post
443 1250 544 1288 haec
562 1263 672 1288 arma
693 1263 775 1288 non
794 1252 1032 1288 accesserim
1052 1261 1186 1300 neque
1207 1247 1248 1286 id
1268 1253 1352 1286 tam
1371 1246 1542 1298 periculi,

331 1320 412 1355 mei
442 1329 560 1354 causa
587 1315 755 1355 fecerim
784 1328 904 1366 quam
933 1314 1155 1365 dignitatiS‚
1182 1313 1317 1351 subito
1344 1311 1394 1350 ad
1424 1311 1543 1350 ludos

331 1385 480 1421 venire.
530 1381 618 1419 Tali
634 1384 743 1419 enim
759 1386 944 1431 tempore
959 1379 1076 1417 ludos
1092 1379 1225 1416 faeere
1245 1376 1303 1415 illi
1323 1377 1541 1416 honest-um

332 1450 405 1492 est,
423 1447 487 1483 cui
507 1457 673 1483 necesse
689 1449 761 1489 est,
781 1448 966 1494 spectare
985 1442 1095 1488 mihi,
1115 1447 1160 1479 ut
1181 1454 1261 1479 non
1278 1445 1341 1478 est
1359 1447 1538 1494 necesse,

332 1513 388 1549 sic
407 1523 460 1548 ne
480 1509 696 1547 honestum
713 1508 878 1560 quidem
894 1513 968 1545 est.
1014 1506 1216 1558 Equidem
1236 1505 1325 1543 illos
1345 1504 1541 1544 celebrari

332 1582 376 1614 et
395 1589 482 1614 esse
502 1588 623 1626 quam
642 1576 890 1626 gratissimos
910 1572 1149 1610 mirabiliter
1178 1574 1309 1622 cupio,
1337 1570 1461 1622 idque
1482 1572 1542 1617 ita
1570 1595 1572 1609 ;

331 1641 513 1680 futurum
540 1654 628 1679 esse
651 1640 820 1686 confido,
844 1645 888 1678 et
915 1644 1054 1677 tecum
1082 1652 1169 1690 ago,
1193 1643 1240 1676 ut
1268 1641 1348 1676 iam
1375 1638 1427 1676 ab
1453 1639 1541 1689 ipsa
1568 1649 1572 1687 'i

331 1709 610 1745 commissione
630 1706 681 1744 ad
701 1718 781 1752 me,
801 1718 923 1756 quem
947 1704 998 1742 ad
1027 1703 1192 1742 modum
1221 1706 1471 1754 accipiantur
1497 1701 1540 1740 hi
1567 1715 1572 1749 j

330 1773 430 1820 ludi,
445 1772 595 1810 deinde
615 1774 750 1809 omnia
769 1770 1014 1822 reliquorum
1034 1769 1249 1807 ludorum
1239 1783 1281 1807 1n
1301 1769 1389 1807 dies
1407 1771 1540 1820 singu·
1565 1767 1572 1819 ξ

330 1839 389 1877 los
410 1850 662 1890 persequare.
707 1836 789 1875 Sed
808 1837 860 1875 de
880 1835 986 1874 ludis
1006 1835 1213 1873 hactenus.
1261 1835 1430 1886 Reliqua
1448 1835 1572 1886 pars
1566 1823 1572 1865 ἶ

331 1903 530 1955 epistulae
561 1907 625 1941 est
654 1901 723 1939 illa
753 1901 919 1954 quidem
949 1903 992 1938 in
1022 1905 1237 1951 utramque
1267 1905 1436 1951 partem,
1465 1882 1572 1963 sedl

330 1973 468 2006 tamen
502 1980 585 2005 non
619 1966 750 2005 nullos
785 1965 991 2004 interdum
1029 1968 1125 2003 iacit
1162 1965 1359 2016 igniculos
1389 1964 1535 2005 viriles.

331 2033 451 2080 Quod
471 2033 590 2084 quale
610 2033 685 2070 tibi
702 2032 918 2077 videretur,
936 2036 983 2069 ut
1002 2043 1139 2081 posses
1159 2033 1429 2081 interpretari,
1445 2032 1535 2069 misi
1560 1942 1572 2070 1

330 2100 381 2137 ad
401 2105 443 2137 te
465 2098 695 2149 exemplum
717 2096 939 2148 epistulae;
969 2109 1210 2148 quamquam
1241 2095 1337 2133 mihi
1368 2094 1534 2134 tabella-

331 2157 411 2193 858
