1592 2366
55 461 136 500 Scr.
163 461 201 499 in
232 461 323 499 Tus-

569 158 794 197 MARCUS
832 158 1076 197 TULLIUS
1116 159 1316 197 CICERO

923 297 959 335 V

734 390 874 415 CICERO
903 389 1044 415 ATTICO
1072 389 1150 415 SAL.

394 455 573 504 Quintus
592 462 710 508 pater
729 461 918 508 quartum
936 456 1001 495 vel
1020 459 1155 508 potius
1169 455 1427 495 millesimum
1441 455 1540 494 nihil

53 515 185 554 calano
202 516 252 553 ¹¹⁷1·
274 529 320 555 m·
338 530 458 579 sapit,
477 531 546 580 qui
563 528 742 567 laetetur
761 528 947 579 Luperco
974 527 1057 566 filio
1085 533 1130 566 et
1157 527 1302 575 Statio,
1330 532 1378 567 ut
1403 533 1544 567 cernat

54 568 179 613 Quint.
193 584 228 608 a.
246 571 324 610 708

45 1512 124 1550 Scr.
151 1511 190 1549 in
220 1511 315 1549 Tus-

45 1565 177 1604 culano
193 1565 294 1616 prid.

46 1619 96 1659 K.
121 1620 201 1658 lun.
223 1634 258 1658 a.

49 1675 128 1715 709

338 598 491 650 duplici
519 598 720 638 dedecore
753 598 1000 637 cumulatam
1035 598 1213 636 domum.
1270 596 1392 636 Addo
1419 600 1542 636 etiam

339 669 601 708 Philotimum
629 673 809 709 tertium.
870 670 908 710 O
936 670 1167 717 stultitiam,
1194 671 1273 709 nisi
1299 682 1392 708 mea
1416 671 1543 708 maior

335 746 457 789 esset,
475 742 722 792 singularem
737 743 745 780 l
775 741 884 793 quod
902 746 1041 780 autem
1060 754 1104 779 os
1122 744 1166 779 in
1184 741 1290 780 hanc
1307 754 1395 780 rem
1414 740 1544 794 ἔρανον

334 826 358 849 a
376 812 442 851 te!
496 813 576 851 Fac
595 826 680 851 nou
697 812 751 851 ad
769 817 797 835 “
808 813 978 865 διψῶσαν
999 812 1174 864 κρήνην,”
1195 812 1267 851 sed
1285 811 1339 850 ad
1357 812 1544 864 Πειρήνην

334 897 428 922 eum
465 886 637 931 venisse,
682 887 711 906 “
721 884 920 935 ἄμπνευμα.
964 883 1105 935 σεμνὸν
1141 883 1328 932 Ἀλφειοῦ
1339 882 1363 900 ''
1407 885 1452 921 in
1497 888 1542 922 te

333 958 359 976 “
371 954 526 1007 κρήνῃ,”
569 959 617 994 ut
654 955 810 1002 scribis,
850 954 1025 1003 haurire,
1061 956 1105 992 in
1137 956 1264 994 tantis
1303 956 1385 993 suis
1426 967 1542 1006 prae·

332 1028 471 1064 sertim
497 1028 706 1077 angustiis.
756 1029 833 1065 Ποῖ
856 1029 972 1066 ταῦτα
994 1027 1065 1077 ἆρα
1089 1026 1322 1078 ἀποσκήψει;
1349 1024 1431 1064 Sed
1453 1028 1541 1078 ipse

334 1097 491 1136 viderit.

386 1168 486 1207 Cato
504 1181 571 1207 me
590 1168 757 1220 quidem
777 1167 973 1216 delectat,
990 1167 1064 1206 sed
1090 1170 1214 1206 etiam
1234 1166 1402 1206 Bassum
1420 1166 1539 1205 Luci-

331 1241 430 1278 lium
449 1253 531 1279 sua.

906 1345 967 1382 Va

727 1438 867 1463 CICERO
895 1437 1038 1463 ATTICO
1065 1437 1143 1462 SAL.

388 1505 453 1544 De
482 1505 618 1543 Caelio
644 1510 692 1544 tu
720 1517 903 1556 quaeres,
932 1509 979 1542 ut
1006 1506 1168 1550 scribis3
1196 1517 1274 1554 ego
1301 1502 1404 1542 nihil
1429 1507 1535 1542 novi.

335 1576 550 1614 Noscenda
567 1581 706 1614 autem
725 1580 790 1614 est
807 1580 966 1622 natura,
984 1587 1067 1612 non
1088 1573 1260 1612 facultas
1282 1573 1414 1612 modo.
1475 1573 1537 1613 De

335 1649 558 1686 Hortensio
590 1652 635 1686 et
666 1647 861 1698 Verginio
888 1652 950 1694 tu,
977 1648 1010 1684 si
1038 1645 1136 1697 quid
1163 1645 1378 1684 dubitabis.
1435 1644 1536 1694 Etsi,

332 1719 441 1772 quod
469 1722 598 1770 magis
625 1718 798 1770 placeat,
818 1731 896 1770 ego
915 1723 1113 1770 quantum
1137 1719 1299 1768 aspicio,
1317 1729 1399 1755 non
1418 1715 1536 1756 facile

330 1793 544 1829 inveneris.
603 1790 704 1827 Cum
738 1788 929 1836 Mustela,
957 1801 1079 1840 quem
1106 1787 1159 1826 ad
1186 1787 1352 1826 modum
1384 1788 1536 1836 scribis,

328 1874 422 1900 cum
441 1863 600 1899 venerit
628 1860 802 1912 Crispus.
860 1859 927 1898 Ad
947 1859 1095 1898 Avium
1114 1860 1269 1911 scripsi,
1286 1863 1334 1897 ut
1352 1871 1415 1908 ea,
1432 1871 1536 1910 quae

371 2008 386 2030 ²
409 2008 443 2041 A
457 2007 645 2051 quotation
663 2006 755 2039 from
770 2017 792 2039 a
808 2016 908 2057 *ferse
924 2004 962 2038 of
985 2005 1132 2056 Ennius,
1153 2003 1301 2046 Quintus
1310 2007 1416 2047 pater
1430 2013 1534 2047 quar-

328 2051 594 2129 turoenggem,
638 2048 1243 2136 Γξέξέὧῗέἰιῗὴὲυέἓὲὶῗιξέιῒξίἔέωιέ
1258 2091 1484 2135 corporation
1499 2091 1537 2125 of

333 2145 382 2178 10
