1592 2366
48 632 128 672 Sor.
154 645 193 671 m
223 631 317 672 Tus-

48 686 180 726 calano
196 687 299 740 prid.

52 741 108 780 Id.
132 741 215 781 Iun.
235 755 271 780 α.

53 797 131 836 708

51 1596 129 1635 Scr.
158 1594 197 1634 in
227 1594 320 1634 Tus-

50 1649 184 1688 culano
202 1663 248 1688 m.

52 1704 175 1743 intere.
200 1709 297 1756 post.

51 1773 85 1796 a.
112 1761 189 1798 708

563 163 790 203 MARCUS
827 163 1072 204 TULLIUS
1111 164 1313 204 CICERO

332 250 522 290 Fannius.
580 251 669 303 Ego
697 257 839 292 tamen
871 253 924 292 de
956 253 1065 292 bono
1093 258 1271 302 auctore,
1303 254 1536 303 Hortensio,

331 315 388 352 sic
417 327 666 365 acceperam,
695 320 743 353 ut
775 315 883 367 apud
917 315 1086 354 Brutum
1121 321 1196 356 est.
1256 317 1380 356 Hunc
1410 319 1537 370 igitur

330 379 466 419 locum
484 379 688 431 expedies.

908 484 968 524 Vc

729 568 870 596 CICERO
897 569 1040 596 AT'rlco
1066 570 1146 598 ul..

390 629 479 681 Ego
505 630 597 668 misi
624 628 814 667 Tironem
846 627 1086 668 Dolabellae
1115 630 1285 670 obviam.
1344 630 1386 670 Is
1401 631 1455 671 ad
1471 644 1539 671 me

337 691 477 730 Idibus
513 695 754 730 revertetur.
821 690 881 730 Te
918 693 1164 743 exspectabo
1199 693 1408 745 postridie.
1473 693 1540 735 De

336 753 470 792 Tullia
495 767 587 793 mea
613 754 690 793 tibi
717 755 1042 805 antiquissimum
1071 767 1160 794 esse
1187 755 1319 804 video,
1341 756 1465 809 idque
1482 758 1541 796 ita

337 822 384 856 ut
420 819 485 865 sit,
521 822 566 856 te
601 816 870 856 vehementer
905 829 1016 868 rogo.
1077 817 1188 870 Ergo
1225 820 1264 858 ei
1299 821 1342 857 in
1379 821 1541 872 integro

334 882 492 926 omnia;
520 882 578 919 sic
596 882 706 919 enim
725 880 876 918 scribis.
934 879 1051 928 Mihi,
1077 883 1156 919 etsi
1184 880 1393 920 Kalendae
1411 884 1541 921 vitan-

333 942 410 981 dae
439 942 607 981 fuerunt
633 942 976 994 Nicasionumque
996 943 1187 995 ἀρχέτυπα
1205 942 1402 995 fugienda
1420 944 1541 984 confi-

333 1005 585 1056 ciendaeque
612 1004 790 1051 tabulae,
818 1003 922 1042 nihil
949 1009 1090 1043 tamen
1117 1007 1239 1054 tanti,
1257 1010 1305 1044 ut
1322 1019 1347 1044 a
1363 1011 1409 1045 te
1426 1006 1542 1046 abes-

332 1081 432 1116 sem,
465 1067 553 1108 fuit.
621 1068 723 1106 Cum
764 1067 914 1106 Romae
952 1080 1084 1106 essem
1116 1072 1161 1106 et
1192 1073 1237 1107 te
1269 1070 1350 1107 iam
1380 1071 1543 1123 iamque

332 1133 510 1169 visurum
541 1143 609 1169 me
640 1135 840 1182 putarem,
874 1130 1024 1169 cotidie
1055 1135 1198 1170 tamen
1229 1130 1367 1180 horae,
1397 1132 1543 1185 quibus

333 1194 634 1244 exspectabam,
664 1192 812 1244 longae
844 1192 1099 1232 videbantur.
1156 1191 1244 1232 Scis
1275 1206 1343 1232 me
1374 1196 1542 1234 minime

334 1269 422 1294 esse
451 1255 671 1302 blandum;
707 1258 846 1308 itaque
877 1258 1012 1295 minus
1044 1255 1253 1308 aliquanto
1282 1256 1389 1305 dico,
1422 1270 1542 1309 quam

335 1320 480 1357 sentio.

911 1448 966 1487 VI

732 1533 872 1558 CICERO
901 1532 1043 1558 Amce
1070 1531 1150 1558 SAL.

395 1590 460 1630 De
478 1591 614 1630 Caelio
634 1591 740 1638 vide,
759 1604 922 1643 quaeso,
941 1604 995 1629 ne
1014 1603 1118 1643 quae
1137 1590 1282 1629 lacuna
1299 1592 1354 1630 sit
1370 1591 1415 1630 in
1432 1603 1539 1632 aure.

338 1654 427 1706 Ego
446 1656 524 1693 ista
547 1667 631 1693 non
656 1656 760 1692 novi.
818 1653 901 1693 Sed
928 1659 1040 1693 certe
1068 1656 1110 1692 in
1139 1653 1299 1692 collubo
1327 1657 1392 1693 est
1417 1653 1542 1694 detri-

335 1720 466 1756 menti
480 1719 588 1755 satis.
639 1717 735 1755 Huc
749 1730 891 1754 aurum
906 1718 939 1755 si
953 1715 1241 1755 accedit—sed
1257 1715 1355 1768 quid
1373 1715 1542 1769 loquor?

336 1779 398 1817 Tu
417 1778 584 1818 videbis.
634 1779 776 1817 Habes
798 1779 1004 1830 Hegesiae
1023 1792 1166 1830 genus,
1185 1778 1293 1831 quod
1313 1778 1439 1817 Varro
1458 1778 1542 1818 lau-

380 1878 394 1900 ²
418 1878 561 1919 Brutus,
582 1879 599 1919 §
617 1879 689 1912 101.

380 1921 394 1942 ²
414 1921 574 1955 Intereat
588 1933 660 1955 was
675 1921 826 1965 payable
842 1932 888 1955 on
904 1921 966 1955 the
986 1923 1041 1954 lst
1056 1921 1093 1954 of
1108 1922 1171 1954 the
1186 1920 1322 1954 month.

380 1965 393 1985 ⁸
415 1965 543 1999 Before
557 1965 619 1999 the
634 1965 825 1998 alteration
847 1966 884 1998 of
907 1966 969 1998 the
993 1964 1158 1998 calendar
1174 1964 1276 1997 made
1300 1964 1346 2007 by
1362 1963 1492 1998 Caesar
1505 1965 1541 1998 in

337 2010 398 2042 the
414 2013 500 2042 next
514 2019 612 2052 year,
630 2013 703 2043 two
723 2009 878 2049 months,
896 2009 934 2042 of
955 2010 998 2042 29
1020 2008 1091 2042 and
1114 2009 1157 2042 28
1179 2007 1269 2051 days
1292 2008 1539 2054 respectivelx,
1571 2047 1574 2049 Α

335 2064 426 2086 were
448 2053 606 2086 inserted
629 2053 789 2086 between
803 2052 1005 2086 November
1027 2051 1098 2085 and
1115 2051 1319 2092 December,
1338 2053 1383 2086 46
1399 2060 1484 2092 120..
1503 2056 1543 2086 to

335 2100 391 2130 eet
405 2097 467 2130 the
483 2096 647 2129 calendar
662 2097 769 2140 right.

340 2146 387 2179 14
