1572 2378
554 145 780 183 MARCUS
820 143 988 182 'rULLl
999 142 1064 181 US
1104 141 1307 180 CICERO

857 277 999 315 XVIII

722 372 861 396 CICERO
894 370 1033 395 ATTICO
1061 370 1138 395 SAL.

41 443 118 480 Ser.
140 441 178 479 in
380 454 461 479 xvu
492 439 579 479 Kal.
611 442 688 478 etsi
718 442 814 477 satis
845 439 1010 476 videbar
1041 440 1244 489 scripsisse
1271 436 1322 475 ad
1351 441 1408 484 te,
1435 435 1532 488 quid

41 497 170 535 itinere
187 509 235 534 em
326 501 426 539 mihi
459 514 559 551 opus
593 505 713 545 esset,
747 505 790 537 et
823 498 920 550 quid
953 503 996 536 te
1029 497 1164 536 facere
1200 497 1363 544 vellem,
1393 498 1428 535 si
1457 495 1534 535 tibi

43 550 186 588 Antiati
215 549 253 587 in
329 561 582 599 commodum
605 565 724 606 esset,
745 565 897 605 tamen,
917 572 1009 596 cum
1027 558 1234 609 profectus
1262 570 1393 596 essem
1421 560 1466 595 et
1490 558 1533 594 in

47 604 293 662 Tusculanum
330 622 417 659 lacu
438 623 682 670 navigarem,
701 619 892 656 Tironem
907 620 1032 656 statui
1046 617 1098 656 ad
1112 622 1156 656 te
1171 630 1260 656 esse
1273 616 1534 664 mittendum,

43 660 80 697 Χ
90 659 148 721 V!
166 659 214 698 Κ·
330 686 377 718 ut
396 683 443 718 iis
463 682 652 730 negotiis,
667 691 770 730 quae
784 683 1015 728 agerentur,
1029 679 1260 724 interesset,
1273 682 1397 728 atque
1411 677 1536 715 etiam

43 714 216 757 Qmm‘a'
236 713 313 753 710
329 743 469 790 scripsi
496 739 548 777 ad
578 738 831 776 Dolabellam
858 750 939 784 me,
961 740 993 775 si
1019 739 1057 776 ei
1083 737 1303 784 videretur,
1321 736 1427 775 velle
1445 749 1535 788 pro-

328 800 463 846 ficisci,
483 802 666 850 petiique
689 799 740 836 ab
770 811 818 836 eo
847 797 899 835 de
927 797 1047 835 mulis
1074 802 1277 836 vecturae.
1335 797 1454 836 Utin
1473 794 1536 834 his

329 859 536 912 (quoniam
574 858 773 909 intellego
806 863 849 896 te
883 857 1221 895 distentissimum
1255 870 1343 895 esse
1375 869 1456 908 qua
1483 856 1535 896 de

329 919 567 966 Buthrotiis,
587 931 666 970 qua
685 918 737 956 de
758 918 897 964 Bruto,
918 919 1031 956 cuius
1051 919 1174 955 etiam
1196 916 1383 955 ludorum
1401 929 1536 968 sump-

327 979 563 1017 tuosorum²
601 991 737 1016 curam
777 983 821 1016 et
860 977 1252 1015 administrationem
1280 979 1460 1028 suspicor
1485 989 1536 1015 ex

327 1053 475 1090 magna
499 1044 615 1090 parte
635 1038 687 1075 ad
707 1043 750 1076 te
771 1036 996 1089 pertinere)
1015 1042 1062 1075 ut
1081 1050 1179 1087 ergo
1198 1039 1240 1075 in
1259 1039 1345 1076 eius
1363 1036 1475 1076 modi
1492 1049 1536 1076 re

327 1101 482 1138 tribues
519 1100 635 1136 nobis
674 1098 838 1149 paulum
883 1110 1054 1148 operae3
1101 1110 1178 1135 nec
1216 1099 1326 1135 enim
1361 1096 1534 1136 multum

327 1175 428 1212 opus
449 1167 523 1200 est.

384 1222 487 1259 Mihi
517 1235 581 1259 res
609 1221 659 1259 ad
690 1221 856 1259 caedem
886 1225 930 1258 et
957 1233 1047 1258 eam
1076 1219 1242 1271 quidem
1269 1221 1535 1272 propinquam

327 1287 511 1333 spectare
524 1282 695 1320 videtur.
737 1281 861 1318 Vides
876 1279 1072 1327 homines,
1085 1279 1198 1318 vides
1211 1292 1333 1319 arma.
1373 1279 1537 1318 Prorsus

327 1355 410 1380 non
439 1341 539 1379 mihi
572 1341 711 1379 videor
745 1354 832 1379 esse
866 1346 991 1378 tutus.
1061 1339 1133 1378 Sin
1165 1344 1212 1378 tu
1245 1338 1365 1378 aliter
1395 1342 1535 1387 sentis,

327 1401 448 1440 velim
477 1401 529 1439 ad
556 1414 622 1438 me
651 1401 810 1439 scribas.
871 1399 991 1437 Domi
1021 1402 1130 1437 enim
1158 1412 1338 1447 manere,
1361 1401 1395 1438 si
1423 1403 1534 1438 recte

328 1474 501 1512 possum,
523 1459 652 1498 multo
671 1459 788 1497 malo.

879 1620 979 1658 XIX

726 1713 865 1738 CICERO
896 1713 1035 1738 ATTICO
1064 1713 1142 1738 sn..

39 1780 119 1818 Scr.
149 1779 186 1817 in
221 1778 310 1817 Tus-
383 1781 590 1829 Quidnam
605 1786 679 1828 est,
698 1780 806 1832 quod
821 1780 1026 1831 agendum
1046 1780 1218 1831 amplius
1238 1780 1290 1819 de
1311 1780 1534 1820 Buthrotiis

39 1834 171 1872 culam
189 1833 285 1871 inter
328 1844 408 1880 sit?
465 1841 635 1893 Egisse²
665 1843 773 1879 enim
804 1845 848 1878 te
879 1840 1029 1878 frustra
1055 1841 1207 1880 scribis.
1263 1840 1373 1889 Quid
1395 1846 1533 1880 autem

39 1903 73 1926 ‘¹-
100 1888 137 1927 ἅ·
168 1888 206 1926 X
216 1887 251 1926 V
276 1893 308 1925 εἰ
327 1916 371 1941 se
404 1901 531 1939 refert
563 1900 741 1938 Brutus?
809 1899 941 1938 Doleo
973 1899 1227 1938 mehercules
1255 1905 1299 1939 te
1327 1906 1412 1939 tam
1443 1913 1533 1941 esse

38 1941 306 2036 ΞῙῨῘῖὸραὶΜ·
326 1964 566 2009 distentum,
595 1960 703 2012 quod
737 1959 880 1998 decem
919 1959 1148 1998 hominibus
1181 1959 1442 1999 referendum
1469 1966 1533 2000 est

497 2038 510 2059 ²
534 2040 819 2079 sumptuosorum
840 2036 1017 2068 Lehmann
1034 2050 1041 2070 z
1066 2046 1207 2069 suorum
1225 2036 1330 2070 MSS.

500 2082 513 2101 '²
535 2082 608 2114 sit?
630 2081 741 2123 egisse
761 2080 868 2112 Boot:
893 2080 1034 2112 stetisse
1051 2080 1158 2113 MSS.

328 2130 406 2165 344-
