1572 2378
565 164 645 201 MA
657 164 791 203 RCUS
829 165 1074 204 TULLIUS
1113 166 1314 207 eiCERo

334 262 357 286 a
386 263 466 301 quo
493 250 626 289 adhuc
656 250 934 303 Ἠρακλείὸειον
961 253 1062 291 illud
1091 267 1172 291 non
1201 253 1362 294 abstuli.
1418 254 1539 304 Quod

335 333 400 358 me
419 320 591 360 hortaris
609 322 660 360 ad
681 323 951 370 scribendum,
972 327 1099 363 amice
1120 330 1164 363 tu
1184 325 1363 377 quidem,
1382 325 1455 365 sed
1472 338 1539 366 me

334 395 436 432 scito
464 407 586 444 agere
618 394 718 431 nihil
748 395 870 433 aliud.
929 395 1116 434 Gravedo
1144 402 1215 435 tua
1242 397 1341 436 mihi
1369 397 1540 438 molesta

334 468 408 502 est.
468 464 640 512 Quaeso,
669 465 831 513 adhibe,
861 479 981 518 quam
1007 467 1112 506 soles
1137 467 1405 519 diligentiam.
1461 469 1538 508 “0

334 534 462 574 Tite”
484 536 559 574 tibi
584 536 775 586 prodesse
801 537 940 575 laetor.
1000 542 1026 560 “
1039 538 1281 589 Anagnini”
1302 545 1400 578 sunt
1428 539 1538 579 Mus-

333 606 416 644 tela
436 607 637 660 ταξιάρχης
656 612 700 646 et
720 607 838 655 Laco,
858 611 927 660 qui
947 608 1164 660 plurimum
1186 610 1297 648 bibit.
1360 609 1539 658 Librum,

332 690 455 728 quem
474 691 603 729 rogas,
623 679 843 729 perpoliam
865 685 909 718 et
926 683 1099 718 mittam.
1464 668 1467 670 .

387 749 504 787 Haec
532 749 584 787 ad
613 753 888 800 posteriorem.
947 753 1042 790 “Ta
1069 753 1154 803 περὶ
1181 755 1248 792 τοῦ
1275 754 1535 804 καθήκοντος,”

331 825 531 870 quatenus
553 820 780 868 Panaetius,
800 822 951 860 absolvi
970 823 1137 861 duobus.
1190 823 1302 862 Illius
1321 830 1404 863 tres
1418 828 1536 872 sunt3

331 890 416 938 sed,
443 904 534 929 cum
559 893 676 929 initio
702 891 904 930 divisisset
932 895 1002 940 ita,
1022 896 1099 931 tria
1121 907 1273 945 genera
1297 892 1536 946 exquirendi

330 962 445 999 officii
478 975 580 1009 esse,
614 976 753 1009 unum,
787 977 879 1001 cum
912 963 1197 1013 deliberemus,
1231 965 1448 1004 honestum
1482 978 1536 1006 un

329 1038 448 1084 turpe
468 1036 533 1079 sit,
552 1033 740 1082 alterum,
759 1034 860 1073 utile
879 1048 932 1072 an
951 1036 1109 1084 inutile,
1126 1039 1308 1084 tertium,
1323 1050 1416 1075 cum
1434 1036 1535 1077 haee

330 1106 437 1142 inter
466 1117 509 1142 se
539 1117 721 1155 pugnare
751 1104 980 1152 videantur,
1010 1119 1090 1157 quo
1122 1106 1243 1145 modo
1275 1107 1535 1147 iudicandum

328 1178 394 1223 sit,
425 1175 553 1226 qualis
586 1188 705 1214 causa
745 1176 903 1227 Reguli,
936 1177 1068 1216 redire
1106 1177 1337 1226 honestum,
1370 1191 1534 1219 manere

328 1246 443 1294 utile,
462 1247 515 1284 de
534 1247 691 1285 duobus
717 1250 855 1297 primis
881 1248 1086 1298 praeclare
1112 1248 1314 1296 disseruit,
1333 1249 1386 1288 de
1410 1252 1535 1289 tertio

329 1318 543 1369 pollicetur
557 1332 600 1356 se
621 1319 827 1369 deinceps,
844 1319 915 1357 sed
936 1319 1035 1356 nihil
1057 1322 1227 1371 scripsit.
1277 1321 1381 1359 Eum
1399 1320 1532 1361 locum

331 1390 565 1429 Posidonius
584 1396 820 1441 persecutus
841 1396 913 1430 est.
960 1391 1048 1442 Ego
1061 1396 1199 1430 autem
1219 1397 1263 1430 et
1282 1395 1368 1431 eius
1387 1392 1532 1432 librum

328 1464 517 1500 accersivi
544 1467 589 1500 et
615 1462 667 1500 ad
697 1461 1008 1500 Athenodorum
1037 1461 1204 1500 Calvum
1232 1466 1385 1515 scripsi,
1410 1469 1458 1503 ut
1479 1463 1532 1503 ad

327 1546 393 1571 me
429 1534 477 1573 τὰ
514 1534 703 1583 κεφάλαια
738 1535 948 1578 mitteret3
985 1546 1089 1584 quae
1127 1539 1330 1585 exspecto.
1398 1534 1532 1583 Quem

327 1603 448 1643 velim
477 1603 688 1643 cohortere
718 1609 762 1642 et
789 1617 919 1654 roges,
939 1609 986 1642 ut
1014 1617 1133 1655 quam
1163 1607 1347 1656 primum.
1408 1606 1456 1645 In
1483 1619 1533 1647 eo

327 1681 391 1715 est
409 1676 493 1727 περὶ
511 1678 578 1716 τοῦ
597 1678 690 1715 κατὰ
708 1676 932 1727 περίστασιν
951 1677 1186 1726 καθήκοντος.
1243 1677 1362 1725 Quod
1392 1677 1445 1717 de
1470 1681 1532 1717 in-
1568 1731 1569 1734 Ἴ

326 1749 544 1798 scriptione
557 1750 725 1799 quaeris,
741 1760 822 1785 non
838 1746 994 1794 dubito,
1007 1750 1105 1799 quin
1121 1749 1281 1799 καθῆκον
1296 1748 1531 1798 “officium''
1570 1793 1572 1798 ¹

326 1821 392 1866 sit,
422 1821 499 1857 nisi
531 1818 629 1870 quid
662 1823 708 1856 tu
737 1818 872 1863 aliud3
910 1818 983 1856 sed
1016 1821 1225 1870 inscriptio
1255 1819 1412 1870 plenior
1444 1819 1531 1861 “de
1568 1837 1572 1875 j'

327 1889 501 1928 officiis.'’
561 1892 786 1940 Προσφωνῶ
804 1894 942 1927 autem
962 1888 1146 1927 Ciceroni
1166 1889 1258 1928 filio.
1309 1890 1452 1932 Visum
1467 1896 1532 1932 eut
1560 1878 1572 1892 Ἀ

326 1975 408 2000 non
427 1962 618 2001 ἀνοίκειον.

423 2099 437 2121 ¹
461 2099 492 2133 0
510 2099 585 2132 Tite
599 2110 660 2131 are
676 2098 737 2131 the
753 2098 905 2142 opening
922 2098 1036 2131 words
1052 2098 1089 2132 of
1105 2099 1166 2133 the
1180 2100 1231 2134 De
1246 2100 1427 2135 Senectute.

329 2150 405 2184 408
