1572 2378
546 176 771 222 MARCUS
809 175 1053 214 TULLIUS
1092 174 1293 213 CICERO
1549 0 1572 151 H

271 279 284 289 ·
319 264 646 304 dissuadentibus
677 263 883 314 profectus
916 275 1015 307 sum.
1075 261 1164 300 Etsi
1191 261 1290 313 quid
1317 263 1398 300 iam
1425 273 1526 312 opus
1559 250 1572 336 ξ

319 336 384 369 est
402 330 577 383 σχολίῳὲ
605 331 637 367 si
658 341 990 380 perseverassem,
1011 341 1111 378 opus
1131 326 1287 365 fuisset.
1334 330 1363 349 “
1374 326 1433 365 At
1449 325 1527 365 hoc
1560 337 1572 403 ἦ·

320 399 451 447 ipsum
497 408 580 433 non
625 393 898 432 constanter.”
970 393 1103 431 Nemo
1144 393 1289 431 doctus
1334 404 1526 444 umquam
1559 390 1572 447 ’.ξ

320 461 467 514 (multa
480 465 619 498 autem
631 459 683 498 de
703 459 780 496 hoc
799 471 951 509 genere
967 460 1117 509 scripta
1131 455 1245 509 sunt)
1258 459 1526 496 mutationem
1559 449 1572 504 5

322 526 474 565 consilii
514 528 827 564 inconstantiam
865 524 969 562 dixit
1007 536 1107 562 esse.
1166 522 1372 574 Deinceps
1403 523 1528 574 igitur
1558 502 1572 572 {-

322 592 446 630 haec:
502 595 527 614 “
540 591 658 637 Nam,
690 592 723 628 si
752 603 776 627 a
807 588 990 627 Phaedro
1020 593 1159 626 nostro
1187 601 1308 635 esses,
1337 587 1528 639 expedita
1563 583 1572 643 3

323 659 528 696 excusatio
549 661 680 700 esset;
709 669 818 693 nunc
838 654 936 706 quid
956 653 1310 705 respondemus?”
1358 653 1468 706 Ergo
1482 652 1526 692 id
1560 650 1572 697 ἐξ

322 729 411 762 erat
428 736 565 761 meum
585 721 752 769 factum,
767 721 874 772 quod
890 720 1033 759 Catoni
1053 721 1223 772 probare
1238 733 1321 758 non
1340 720 1528 772 possem?
1563 734 1572 767 :g

322 790 462 840 flagitii
481 788 636 827 scilicet
656 787 823 838 plenum
842 791 886 825 et
905 786 1127 824 dedecoris.
1179 786 1347 825 Utinam
1361 799 1386 824 a
1399 787 1530 836 primo
1555 770 1572 830 Ξ

323 859 380 894 ita
401 855 477 893 tibi
500 859 608 892 esset
631 853 781 891 visum!
811 857 857 890 tu
880 852 992 898 mihi,
1013 854 1118 890 sicut
1140 864 1228 890 esse
1251 851 1369 899 soles,
1386 850 1530 891 fuisses
1558 831 1572 910 ἒ

323 922 434 960 Cato.
493 920 731 958 Extremum
764 918 866 956 illud
898 917 963 956 vel
996 917 1348 956 molestissimum:
1386 917 1528 956 “Nam
1559 918 1572 958 3

325 988 472 1025 Brutus
491 991 630 1024 noster
647 984 779 1031 silet,''
802 984 877 1022 hoc
897 989 984 1022 est:
1013 997 1096 1021 non
1115 983 1243 1021 audet
1261 982 1469 1022 hominem
1485 981 1528 1022 id

323 1055 468 1091 aetatis
490 1063 668 1089 monere.
727 1049 851 1087 Aliud
876 1049 978 1087 nihil
1007 1048 1148 1096 habeo,
1171 1048 1280 1100 quod
1303 1061 1353 1087 ex
1374 1050 1423 1088 iis
1439 1062 1465 1087 a
1483 1052 1532 1089 te
1555 1097 1559 1099 ‚

323 1118 455 1156 verbis
484 1115 697 1167 significari
733 1120 887 1165 putem,
918 1119 962 1152 et
993 1113 1158 1152 hercule
1191 1116 1248 1151 ita
1278 1118 1351 1152 est.
1412 1113 1528 1162 Nam,
1552 1116 1558 1155 ᾗ

323 1197 387 1222 xvi
411 1182 497 1220 Kal.
519 1182 630 1232 Sept.
653 1194 743 1218 cum
766 1183 965 1218 venissem
986 1179 1153 1226 Veliam,
1180 1179 1329 1218 Brutus
1350 1178 1529 1226 audivit;
1548 1182 1567 1201 ⁹⁴

322 1254 411 1289 erat
438 1251 546 1287 enim
575 1261 667 1285 cum
696 1249 777 1285 suis
805 1246 973 1284 navibus
1000 1245 1109 1296 apud
1141 1245 1337 1284 Heletem
1366 1245 1529 1285 fluvium
1555 1242 1572 1306 ’ᾖ

322 1318 422 1353 citra
451 1314 607 1351 Veliam
635 1312 719 1350 mil.
749 1324 850 1362 pass.
882 1323 937 1349 111.
998 1310 1174 1349 Pedibus
1202 1309 1254 1348 ad
1282 1323 1349 1349 me
1377 1313 1526 1350 statim.

323 1381 400 1419 Dei
435 1378 694 1425 immortales,
724 1390 844 1428 quam
877 1376 995 1414 valde
1028 1376 1098 1414 ille
1131 1375 1266 1414 reditu
1297 1374 1362 1414 vel
1394 1307 1572 1440 potius}

259 1485 268 1495 ‚
321 1448 550 1485 reversione
569 1457 660 1482 mea
678 1443 854 1482 laetatus
873 1441 1017 1480 effudit
1039 1441 1108 1479 illa
1127 1443 1273 1488 omnia,
1293 1453 1398 1492 quae
1416 1445 1528 1481 tacu-
1552 1431 1572 1498 ᾗ

320 1512 430 1551 erat!
460 1516 507 1549 ut
525 1508 757 1548 recordarer
775 1507 877 1546 illud
905 1512 1022 1546 tuum
1042 1511 1067 1529 “
1083 1507 1187 1545 Nam
1217 1507 1364 1545 Brutus
1389 1511 1529 1547 noster
1555 1501 1572 1543 ’π

1560 982 1572 1012 »ε

319 1576 451 1616 silet.”
511 1576 689 1613 Maxime
725 1579 864 1612 autem
897 1572 1064 1611 dolebat
1100 1585 1166 1610 me
1206 1571 1293 1610 Kal.
1333 1571 1444 1611 Sext.
1481 1574 1527 1612 in
1550 1566 1572 1624 ξ’

318 1648 461 1682 senatu
492 1655 574 1679 non
605 1640 738 1679 fuisse.
799 1639 986 1676 Pisonem
1015 1637 1175 1676 ferebat
1202 1640 1245 1675 in
1273 1637 1454 1683 eaelumz
1481 1650 1525 1677 se

317 1714 455 1747 autem
475 1707 627 1753 laetari,
650 1704 758 1757 quod
779 1704 1010 1754 effugissem
1032 1703 1132 1742 duas
1155 1705 1348 1741 maximas
1366 1705 1524 1756 vitupe-
1557 1695 1572 1756 'ss

318 1777 508 1819 rationes,
528 1785 665 1818 unam,
684 1783 804 1822 quam
824 1772 972 1808 itinere
1000 1768 1188 1807 faciendo
1215 1781 1281 1807 me
1308 1767 1524 1820 intellege-
1551 1763 1562 1795 ³³

317 1841 408 1878 bam
425 1841 641 1888 suscipere,
656 1836 951 1886 desperationis
965 1848 1011 1872 ac
1027 1834 1247 1873 relictionis
1262 1837 1319 1872 rei
1337 1833 1524 1885 publicae
1556 1854 1562 1877 -ς

316 1905 478 1957 (flentes
508 1915 669 1940 mecum
699 1900 820 1951 vulgo
851 1900 1139 1951 querebantur,
1169 1899 1314 1951 quibus
1345 1898 1399 1938 de
1429 1911 1524 1939 meo

316 1970 438 2009 celeri
459 1968 591 2007 reditu
615 1980 696 2005 non
716 1964 968 2018 probabam),
986 1964 1170 2012 alteram,
1189 1963 1242 2003 de
1261 1977 1341 2015 qua
1360 1963 1522 2013 Brutus,
1553 2015 1556 2018 ἢ

316 2041 359 2074 et
388 2038 456 2087 qui
489 2047 568 2072 una
598 2036 716 2071 erant
744 2029 880 2084 (multi
911 2035 1049 2068 autem
1080 2028 1229 2082 erant),
1250 2029 1520 2079 laetabantur,

316 2155 394 2201 396
