1572 2378
35 1750 115 1789 Ser.
142 1751 181 1789 in
209 1752 304 1791 Tus-

35 1804 167 1844 calano
191 1806 227 1844 V
228 1808 250 1844 I

37 1859 93 1897 Id.
117 1860 242 1904 Quint.
266 1876 300 1902 a.

38 1915 114 1953 709

564 160 792 200 MARCUS
829 163 1075 204 TULLIUS
1113 166 1315 207 CICERO

333 247 461 285 officio
474 254 626 299 pareat.
675 249 855 289 Tullium
875 254 1047 291 scribam
1068 254 1170 293 nihil
1189 254 1269 295 fuit
1287 258 1395 309 quod
1408 259 1541 311 appel-

333 319 461 367 lares3
489 335 584 360 nam
613 323 689 362 tibi
717 325 986 374 mandassem,
1016 331 1048 367 si
1081 328 1235 369 fuisset.
1294 331 1405 370 Nihil
1433 336 1542 372 enim

334 400 398 433 est
415 396 525 446 apud
544 410 637 435 eum
657 401 835 448 positum
859 404 1025 440 nomine
1045 405 1142 450 voti,
1162 403 1235 442 sed
1261 411 1325 444 est
1349 407 1542 458 quiddam

331 469 441 520 apud
465 470 580 508 illum
604 484 753 511 meum.
812 473 862 512 Id
888 487 967 525 ego
991 477 1036 513 in
1060 476 1166 515 hanc
1191 490 1278 516 rem
1302 483 1427 519 statui
1446 494 1541 520 con-

334 541 450 582 ferre.
508 543 653 595 Itaque
673 550 718 584 et
736 558 813 597 ego
832 553 944 586 recte
964 549 1040 587 tibi
1059 549 1157 597 dixi,
1173 551 1242 590 ubi
1262 558 1382 602 esset,
1401 558 1447 593 et
1463 555 1540 595 tibi

332 616 400 656 ille
419 623 533 657 recte
556 622 733 670 negavit.
792 620 874 660 Sed
900 622 977 661 hoc
1003 637 1164 676 quoque
1189 628 1322 678 ipsum
1347 632 1541 670 continuo

331 690 569 731 adoriamur.
619 692 776 732 Lucum
796 694 1026 735 hominibus
1045 711 1127 736 non
1151 712 1248 738 sane
1270 703 1410 752 probo,
1428 704 1539 756 quod

332 770 396 803 est
413 765 624 813 desertior,
640 767 712 805 sed
732 767 859 807 habet
878 771 1062 823 εὐλογίαν.
1108 771 1260 812 Verum
1273 773 1351 813 hoc
1365 789 1539 830 quoque,

332 843 378 876 ut
405 841 623 887 censueris,
649 843 801 891 quippe
827 845 897 893 qui
925 846 1070 882 omnia.
1130 845 1232 896 Ego,
1260 852 1307 886 ut
1333 853 1539 898 constitui,

329 911 464 958 adero,
483 918 607 964 atque
627 917 784 952 utinam
803 920 848 953 tu
869 929 1030 968 quoque
1052 918 1198 957 eodem
1212 919 1302 960 die!
1350 923 1422 962 Sin
1441 926 1537 977 quid

329 983 475 1036 (multa
503 987 643 1038 enim),
672 990 814 1040 utique
837 990 1044 1040 postridie.
1102 991 1269 1031 Etenim
1291 991 1537 1031 coheredes:

326 1072 350 1096 a
369 1060 514 1110 quibus
536 1064 623 1100 sine
646 1067 716 1100 tua
741 1066 915 1114 opprimi
941 1066 1106 1104 malitia.
1166 1066 1267 1105 Estl
1292 1067 1432 1105 alteris
1456 1069 1537 1105 iam

327 1133 475 1172 litteris
504 1134 606 1172 nihil
635 1136 687 1174 ad
718 1150 784 1175 me
815 1138 868 1176 de
899 1138 1049 1178 Attica.
1108 1139 1191 1178 Sed
1221 1139 1263 1179 id
1293 1141 1462 1192 quidem
1492 1143 1535 1180 in

325 1209 479 1258 optima
500 1221 572 1259 spe
598 1222 728 1260 pono;
759 1211 861 1249 illud
885 1225 1028 1251 accuso
1053 1227 1136 1252 non
1161 1219 1219 1261 te,
1239 1214 1312 1253 sed
1337 1214 1460 1262 illam,
1480 1227 1535 1254 ne

324 1280 498 1320 salutem
526 1283 703 1333 quidem.
763 1284 822 1323 At
848 1290 894 1323 tu
923 1291 968 1324 et
994 1286 1054 1324 illi
1083 1292 1127 1325 et
1157 1287 1280 1326 Piliae
1307 1287 1533 1340 plurimam,

324 1368 402 1393 nec
428 1369 496 1394 me
524 1362 663 1395 tamen
692 1360 808 1396 irasci
836 1358 1038 1399 indicaris.
1096 1360 1325 1413 Epistulam
1354 1361 1534 1401 Caesaris

324 1433 427 1476 misi,
447 1433 481 1469 si
499 1434 633 1470 minus
652 1431 831 1483 legisses.

854 1591 953 1630 XXI
959 1592 999 1630 11

717 1682 856 1708 cronno
886 1683 1027 1709 ΑΤΤιοο
1055 1684 1133 1710 ut..

376 1748 720 1788 Antemeridianis
747 1753 829 1788 tuis
857 1750 1005 1789 litteris
1034 1751 1121 1789 heri
1149 1755 1288 1791 statim
1317 1757 1526 1806 rescripsi3

320 1834 430 1859 nunc
449 1822 676 1873 respondeo
694 1826 946 1874 vespertinis.
1004 1824 1153 1863 Brutus
1181 1826 1345 1865 mallem
1371 1841 1439 1868 me
1463 1842 1526 1868 ar-

365 1907 378 1928 ¹
400 1919 421 1941 a
444 1909 524 1951 quin
550 1909 626 1942 nino
650 1913 687 1942 te
709 1921 754 1952 op
782 1910 860 1943 rimi
882 1910 1011 1945 militia
1033 1916 1089 1945 est.
1111 1912 1234 1948 MSS:
1258 1913 1313 1947 the
1334 1914 1483 1958 readinq
1504 1917 1524 1950 1

321 1952 405 1984 have
420 1953 572 1995 adopted
587 1953 616 1986 is
631 1953 706 1986 that
721 1965 740 1986 ο
778 1954 926 1996 Tyn-dl.

363 2039 375 2060 ¹
398 2039 516 2074 Cato’s
545 2040 723 2084 daughter
752 2042 889 2083 Porcia,
922 2047 961 2076 to
990 2044 1106 2077 whom
1137 2044 1270 2078 Brutus
1304 2056 1376 2079 was
1406 2050 1445 2080 to
1481 2046 1524 2082 be

317 2084 483 2125 married,
508 2084 579 2118 and
603 2085 659 2118 his
686 2086 825 2119 mother
852 2086 1013 2129 Servilia,
1039 2088 1119 2121 who
1141 2088 1246 2133 being
1267 2100 1290 2123 a
1311 2091 1472 2133 partiam
1485 2091 1523 2126 of

323 2132 396 2166 152
