1572 2378
572 154 797 193 MARCUS
835 154 1082 194 TULLIUS
1120 153 1322 193 CICERO

343 243 579 281 Vestoriana
605 249 648 281 et
672 242 725 281 de
753 243 998 281 Pherionum
1022 256 1135 281 more
1165 242 1388 281 Puteolano
1415 243 1546 280 risisse

342 321 407 347 me
435 311 532 347 satis
559 308 661 346 nihil
691 313 755 347 est
783 321 949 347 necesse
978 310 1210 347 rescribere.
1269 308 1547 360 Πολιτικῶτερα

342 373 410 412 illa
428 374 647 412 videamus.

395 439 460 477 Ita
479 439 624 478 Brutos
643 439 904 491 Cassiumque
924 439 1126 486 defendis,
1145 441 1259 491 quasi
1285 452 1354 478 eos
1379 451 1458 490 ego
1483 451 1546 478 re-

341 505 615 555 prehendam3
643 518 744 557 quos
764 508 860 543 satis
878 505 1042 544 laudare
1062 518 1144 544 non
1164 518 1337 556 possum.
1397 505 1544 544 Rerum

340 583 418 621 ego
432 573 529 608 vitia
543 570 703 622 collegi,
717 584 799 608 non
815 570 1036 609 hominum.
1067 569 1236 609 Sublato
1250 573 1359 608 enim
1372 575 1546 622 tyranno

341 636 556 688 tyrannida
568 649 733 675 manere
748 635 876 674 video.
927 636 1044 683 Nam,
1060 649 1163 687 quae
1178 636 1247 674 ille
1267 635 1445 675 facturus
1462 649 1544 674 non

339 702 431 749 fuit,
450 715 498 740 ea
523 702 638 749 fiunt,
664 707 711 740 ut
735 702 787 740 de
811 701 964 749 Clodio,
990 701 1042 740 de
1068 715 1149 753 quo
1170 701 1269 739 mihi
1293 701 1560 752 exploratum·

339 773 402 806 est
420 767 535 806 illum
554 781 637 806 non
656 767 777 806 modo
796 780 878 805 non
898 767 1115 816 facturum,
1133 767 1207 806 sed
1232 770 1355 806 etiam
1378 780 1431 806 ne
1454 769 1544 819 pas-

338 847 475 872 surum
505 834 671 885 quidem
698 833 833 874 fuisse.
893 833 1097 884 Sequetur
1126 833 1241 871 Rufio
1270 833 1543 881 Vestorianus‚

339 898 476 936 Victor
494 911 714 949 numquam
734 901 918 949 scriptus,
939 901 1080 945 ceteri,
1099 901 1188 949 quis
1207 898 1318 936 non?
1373 897 1448 936 Cui
1465 910 1542 938 ser-

338 967 420 1002 vire
446 966 522 1015 ipsi
547 976 630 1001 non
656 968 873 1014 potuimus,
894 966 980 1002 eius
1004 963 1152 1002 libellis
1181 977 1378 1015 paremus.
1438 963 1542 1003 Nam

338 1029 589 1068 Liberalibus
607 1031 697 1080 quis
716 1033 850 1080 potuit
869 1032 911 1067 in
931 1034 1117 1068 senatum
1137 1043 1220 1068 non
1238 1030 1406 1068 venire?
1463 1029 1542 1069 Fac

336 1095 378 1133 id
397 1098 576 1146 potuisse
594 1095 729 1146 aliquo
743 1096 864 1134 modo
878 1108 888 1140 ;
908 1108 1006 1133 num
1021 1098 1158 1143 etiam,
1174 1108 1266 1134 cum
1281 1098 1541 1144 venissemus,

335 1161 462 1199 libere
484 1162 689 1211 potuimus
711 1163 961 1199 sententiam
985 1160 1149 1198 dicere?
1178 1173 1315 1199 nonne
1343 1163 1453 1199 omni
1481 1174 1540 1199 ra-

266 1245 269 1247 >
334 1228 447 1265 tione
466 1228 662 1273 veterani,
681 1229 749 1277 qui
769 1230 912 1265 armati
932 1226 1114 1273 aderant,
1136 1239 1228 1265 cum
1253 1226 1443 1277 praesidii
1466 1240 1540 1266 nos

334 1291 435 1330 nihil
455 1291 708 1339 haberemus,
728 1291 981 1330 defendendi
1010 1291 1205 1330 fuerunt?
1263 1291 1379 1330 Illam
1398 1295 1539 1331 sessio·

334 1371 429 1397 nem
462 1357 732 1408 Capitolinam
764 1357 864 1396 mihi
898 1371 980 1396 non
1018 1357 1216 1408 placuisse
1252 1362 1298 1396 tu
1331 1360 1449 1396 testis
1481 1371 1536 1398 es.

334 1423 444 1471 Quid
470 1424 594 1474 ergo?
623 1425 701 1461 ista
729 1423 848 1474 culpa
878 1423 1122 1461 Brutorum?
1180 1422 1351 1461 Minime
1378 1423 1537 1462 illorum

332 1489 511 1540 quidem,
530 1488 602 1526 sed
621 1488 789 1526 aliorum
810 1490 1031 1535 brutorum,
1052 1491 1121 1540 qui
1147 1501 1190 1527 se
1213 1494 1352 1527 cautos
1369 1502 1415 1527 ac
1436 1493 1537 1541 sapi-

332 1560 450 1594 entes
487 1559 658 1606 putant;
695 1555 840 1606 quibus
873 1557 969 1592 satis
998 1553 1078 1592 fuit
1112 1554 1268 1601 laetari,
1297 1568 1379 1592 non
1415 1555 1537 1594 nullis

332 1622 455 1659 etiam
492 1619 699 1670 gratulari,
730 1619 852 1658 nullis
889 1632 1139 1671 permanere.
1198 1619 1279 1658 Sed
1317 1623 1536 1671 praeterita

330 1688 588 1730 omittamus;
615 1687 713 1723 istos
732 1687 842 1723 omni
862 1698 956 1723 cura
974 1685 1254 1736 praesidioque
1275 1690 1462 1724 tueamur
1478 1692 1534 1735 et,

329 1765 451 1803 quem
471 1750 522 1788 ad
540 1750 706 1788 modum
726 1755 771 1788 tu
792 1753 1002 1801 praecipis,
1018 1754 1202 1788 contenti
1225 1749 1363 1789 Idibus
1379 1750 1535 1791 Martiis

329 1819 452 1855 simus
465 1828 475 1861 ;
498 1828 602 1866 quae
617 1815 782 1866 quidem
798 1818 943 1853 nostris
958 1817 1095 1852 amicis
1110 1815 1256 1853 divinis
1272 1817 1364 1854 viris
1379 1815 1534 1855 aditum

328 1881 379 1920 ad
399 1880 555 1919 caelum
574 1881 792 1928 dederunt,
811 1881 1044 1919 libertatem
1064 1880 1215 1932 populo
1246 1881 1424 1919 Romano
1451 1895 1532 1921 non

370 2005 383 2027 ¹
408 2005 594 2038 Vestorius
620 2016 692 2038 was
716 2017 737 2038 a
763 2005 896 2038 banker
925 2005 981 2046 (ef.
1002 2014 1079 2038 XIV.
1111 2006 1177 2047 12),
1195 2004 1266 2038 and
1290 2006 1435 2039 Atticus
1461 2006 1532 2041 had

327 2049 499 2099 probably
525 2049 654 2092 played
678 2059 723 2082 on
748 2049 810 2100 the
836 2052 909 2082 two
935 2059 1053 2082 senses
1079 2048 1117 2100 oi
1141 2049 1274 2100 αἵρεξτιξ,
1301 2049 1440 2082 “sect”
1461 2051 1531 2085 and

331 2096 354 2111 “
365 2093 567 2136 graspmg.”
613 2093 688 2126 The
703 2092 854 2126 allusion
870 2097 909 2126 to
926 2093 988 2126 the
1003 2093 1194 2126 Phemonoe
1209 2103 1239 2125 is
1255 2093 1498 2136 inexplicable.

328 2142 406 2176 254
