1572 2378
546 145 770 184 MARCUS
807 145 1052 185 TULLIUS
1090 146 1290 186 CICERO

314 234 576 273 voluntatem.
635 234 777 271 Coram
805 236 942 285 igitur,
968 239 1015 272 ut
1039 235 1190 281 scribis,
1210 237 1516 282 constituemus,

312 313 434 351 quem
466 300 519 338 ad
550 299 716 338 modum
748 313 835 338 rem
867 299 1125 350 explicemus.
1184 299 1305 348 Quod
1340 300 1517 353 reliquos

312 366 534 404 coheredes
553 368 791 413 convenisti,
811 365 932 416 plane
950 366 1069 405 bene.

367 432 489 480 Quod
532 431 747 483 epistulam
787 445 921 470 meam
957 432 1009 470 ad
1046 431 1217 470 Brutum
1254 435 1397 484 poscis,
1433 445 1516 472 non

314 498 443 536 habeo
471 500 557 536 eius
585 497 841 549 exemplum3
868 497 942 536 sed
967 503 1108 536 tamen
1129 497 1282 536 salvum
1302 503 1378 546 est,
1397 503 1444 538 et
1458 500 1517 538 ait

312 563 407 601 Tiro
433 568 478 602 te
506 563 658 601 habere
687 568 887 614 oportere,
916 568 974 611 et,
1003 568 1051 602 ut
1082 563 1283 611 recordor,
1311 577 1393 602 una
1424 577 1515 603 cum

311 629 418 667 illius
438 630 708 681 obiurgatoria
732 630 807 667 tibi
833 642 967 667 meam
993 642 1168 681 quoque,
1195 642 1316 680 quam
1343 629 1395 668 ad
1423 643 1515 670 eum

311 698 607 746 rescripseram,
649 697 750 733 misi.
820 694 1003 733 Iudiciali
1039 694 1226 733 molestia
1261 699 1309 733 ut
1345 708 1516 744 caream,

312 760 478 800 videbis.

870 901 952 938 Vla

707 997 792 1022 CICE
798 997 846 1022 Ro
876 997 1017 1022 ATTICO
1045 997 1124 1024 SAL.

25 1065 104 1104 Scr.
128 1065 166 1103 in
197 1065 291 1103 Tus-
363 1069 613 1107 Tuditanum
643 1071 780 1116 istum,
810 1081 1004 1119 proavum
1040 1067 1250 1115 Hortensi,
1280 1066 1401 1118 plane
1432 1079 1515 1106 non

24 1119 156 1158 calam
173 1119 276 1172 Prid-
311 1147 463 1181 noram,
483 1139 527 1172 et
546 1133 687 1181 filium,
705 1136 775 1185 qui
797 1139 886 1171 tum
913 1146 996 1170 non
1019 1137 1209 1183 potuerat
1233 1145 1323 1171 esse
1341 1132 1516 1184 legatus,

28 1174 125 1268 ᾖξ’·
147 1174 229 1211 Iun·
255 1188 288 1213 α·
310 1199 434 1238 fuisse
453 1205 649 1250 putaram.
710 1199 951 1236 Mummium
970 1198 1095 1237 fuisse
1113 1198 1164 1236 ad
1185 1197 1424 1238 Corinthum
1442 1211 1516 1250 pro

310 1271 423 1304 certo
460 1265 601 1303 habeo.
658 1265 789 1316 Saepe
822 1268 932 1303 enim
968 1264 1034 1302 hic
1071 1264 1252 1315 Spurius,
1284 1267 1354 1316 qui
1385 1278 1517 1317 nuper

306 1331 514 1379 decessit,1
540 1330 735 1382 epistulas
753 1330 854 1369 mihi
874 1331 1165 1381 pronuntiabat
1184 1330 1390 1369 versiculis
1408 1330 1514 1370 face-

307 1400 360 1435 tis
377 1397 430 1436 ad
448 1396 655 1435 familiaris
673 1399 812 1435 missas
831 1410 856 1434 a
874 1395 1079 1434 Corintho.
1138 1395 1220 1434 Sed
1247 1409 1329 1434 non
1358 1396 1515 1445 dubito,

308 1466 407 1514 quin
424 1463 540 1501 fratri
558 1462 683 1501 fuerit
701 1462 873 1513 legatus,
893 1475 976 1500 non
996 1464 1038 1499 in
1057 1461 1212 1500 decem.
1272 1462 1410 1514 Atque
1438 1463 1515 1503 hoc

307 1532 432 1567 etiam
449 1531 601 1579 accepi,
626 1541 709 1566 non
734 1527 873 1566 solitos
900 1530 1071 1566 maiores
1098 1532 1256 1566 nostros
1282 1541 1351 1566 eos
1377 1528 1515 1580 leg-are

306 1598 350 1633 in
368 1594 526 1641 decem,
551 1596 621 1645 qui
647 1598 785 1632 essent
811 1596 1101 1644 imperatorum
1128 1595 1357 1640 necessarii,
1376 1598 1425 1632 ut
1441 1607 1515 1634 nos

306 1663 437 1711 ignari
455 1659 816 1711 pulcherrimorum
838 1661 1118 1697 institutorum
1146 1663 1218 1697 aut
1244 1659 1514 1710 neglegentes

307 1728 443 1777 potius
471 1725 527 1763 M.
561 1724 776 1763 Lucullum
806 1730 850 1763 et
879 1724 924 1762 L.
959 1724 1173 1762 Murenam
1203 1729 1247 1763 et
1276 1729 1433 1764 ceteros
1461 1724 1513 1765 ad

310 1791 355 1830 L.
387 1790 602 1829 Lucullum
634 1793 827 1829 misimus.
885 1789 1075 1841 Illudque
1105 1791 1370 1842 εὔλογᾶννατον,
1399 1790 1514 1831 illum

309 1857 422 1895 fratri
450 1859 493 1894 in
522 1858 660 1907 primis
687 1858 774 1894 eius
801 1855 948 1907 legatis
970 1855 1104 1894 fuisse.
1162 1854 1200 1893 O
1218 1869 1382 1906 operam
1400 1861 1514 1896 tuam

309 1922 493 1969 multam,
513 1924 582 1973 qui
602 1927 646 1960 et
663 1921 764 1959 haec
792 1934 908 1960 cures
936 1926 980 1960 et
1006 1934 1099 1959 mea
1126 1920 1318 1972 expedias
1336 1926 1381 1960 et
1399 1924 1452 1960 sis
1471 1925 1510 1960 in

310 1990 390 2025 tuis
411 2001 492 2025 non
511 1987 642 2025 multo
659 1989 793 2025 minus
811 1986 986 2037 diligens
1005 1999 1125 2037 quam
1144 1988 1187 2024 in
1206 1985 1330 2025 meis!

313 2135 387 2170 118
637 2085 649 2107 ¹
671 2085 824 2118 decessit
838 2085 990 2119 Mvtller:
1015 2088 1071 2118 est,
1087 2084 1191 2118 MSS.
