1572 2378
44 493 122 529 Ser.
142 490 181 528 in

557 155 783 194 MARCUS
822 155 1066 194 TULLIUS
1105 155 1304 194 CICERO

866 315 987 352 XXII

721 415 861 440 CICERO
891 415 1031 440 ATTICO
1060 415 1138 440 SAL.

383 491 447 528 De
471 491 647 529 Varrone
668 503 752 529 non
774 493 862 529 sine
885 504 1003 528 causa
1030 490 1128 542 quid
1157 491 1231 528 tibi
1259 490 1420 541 placeat
1446 496 1529 530 tam

45 544 220 596 Arpinati
249 544 273 581 Ῑ
279 544 313 581 V
327 555 549 606 diligenter
570 558 747 607 exquiro.
807 556 1038 594 Occurrunt
1061 556 1159 593 mihi
1182 555 1392 607 quaedam.
1449 555 1531 595 Sed

48 599 144 636 Non,
166 598 290 642 Quint.

48 667 78 692 a.
104 654 180 693 709

329 635 377 660 ea
399 635 543 660 coram.
601 621 661 659 Te
684 627 821 660 autem
844 622 1098 672 ἀσμεναῖτατα
1119 624 1290 669 intexui,
1307 621 1532 674 faciamque

328 687 371 726 id
394 688 583 726 crebrius.
643 687 836 726 Proximis
862 690 972 725 enim
997 690 1079 726 tuis
1105 687 1255 725 litteris
1286 690 1462 738 primum
1488 692 1532 727 te

327 753 370 791 id
389 766 472 791 non
491 753 600 791 nolle
620 755 801 804 cognovi.
862 753 925 791 De
947 752 1140 791 Marcello
1163 756 1376 804 scripserat
1393 753 1446 792 ad
1466 766 1534 793 me

329 817 485 856 Cassius
498 823 633 866 antea,
652 819 700 858 τὰ
720 820 813 857 κατὰ
830 819 943 869 μέρος
961 818 1133 857 Servius.
1167 818 1204 857 O
1220 831 1307 857 rem
1321 819 1510 858 acerbam
1525 820 1533 857 ἔ

328 883 396 922 Ad
416 887 544 935 prima
563 883 696 923 redeo.
756 883 914 934 Scripta
933 889 1070 922 nostra
1093 897 1290 935 nusquam
1315 883 1422 921 malo
1447 895 1535 922 esse

328 963 449 1002 quam
477 949 585 1000 apud
614 954 670 997 te,
698 949 772 988 sed
801 963 848 987 ea
877 955 964 988 tum
994 949 1097 987 foras
1126 950 1227 997 dari,
1255 963 1347 987 cum
1374 952 1535 1001 utrique

329 1020 512 1053 nostrum
528 1015 741 1053 videbitur.
793 1015 880 1066 Ego
896 1020 939 1053 et
958 1015 1139 1053 librarios
1153 1020 1244 1053 tuos
1259 1015 1376 1066 culpa
1395 1014 1536 1062 libero,

331 1094 466 1132 neque
485 1086 529 1119 te
548 1094 703 1128 accuso,
723 1086 767 1119 et
786 1086 925 1119 tamen
944 1080 1054 1119 aliud
1073 1080 1266 1132 quiddam
1285 1080 1337 1118 ad
1355 1085 1400 1119 te
1419 1082 1537 1132 scrip-

332 1161 475 1195 seram,
495 1147 733 1186 Caerelliam
760 1147 959 1198 quaedam
987 1147 1151 1194 habere,
1173 1160 1276 1198 quae
1306 1149 1384 1185 nisi
1411 1160 1435 1184 a
1461 1146 1536 1185 te¹

332 1213 483 1251 habere
515 1226 598 1250 non
630 1215 820 1264 potuerit.
892 1212 1017 1251 Balbo
1047 1212 1214 1264 quidem
1245 1211 1536 1264 intellegebam

333 1284 396 1317 sat
413 1278 645 1316 faciendum
666 1277 804 1324 fuisse,
824 1283 985 1316 tantum
1007 1277 1196 1316 nolebam
1218 1282 1290 1315 aut
1311 1277 1537 1316 obsoletum

335 1344 460 1382 Bruto
483 1349 555 1382 aut
580 1343 707 1381 Balbo
733 1343 968 1381 inchoatum
993 1342 1090 1380 dari.
1151 1343 1334 1390 Varroni,
1351 1341 1470 1381 simul
1491 1356 1538 1380 ac

332 1414 375 1447 te
410 1409 561 1456 videro,
593 1411 627 1446 si
663 1409 738 1446 tibi
773 1408 989 1455 videbitur,
1026 1411 1199 1446 mittam.
1259 1407 1370 1456 Quid
1400 1413 1537 1448 autem

331 1474 564 1520 dubitarim,
584 1486 676 1511 eum
696 1473 835 1510 videro
855 1478 912 1520 te,
931 1475 1043 1511 scies.

387 1539 619 1577 Attributos
655 1538 765 1589 quod
801 1537 996 1588 appellas,
1030 1537 1147 1576 valde
1185 1539 1321 1589 probo.
1389 1537 1451 1576 Te
1485 1537 1538 1576 de

332 1604 496 1655 praedio
516 1603 644 1642 Oviae
664 1605 844 1641 exerceri
863 1603 1034 1641 moleste
1058 1602 1154 1641 fero.
1215 1602 1279 1642 De
1303 1603 1429 1641 Bruto
1447 1615 1539 1641 nos-

332 1676 396 1709 tro
423 1669 694 1720 perodiosum‚
721 1668 793 1707 sed
822 1671 905 1707 vita
933 1668 1025 1706 fert.
1086 1669 1279 1707 Mulieres
1306 1674 1445 1707 autem
1473 1672 1537 1707 vix

332 1738 428 1774 satis
448 1735 637 1783 humane,
656 1748 760 1786 quae
780 1737 918 1786 iniquo
938 1736 1072 1772 animo
1091 1733 1239 1782 ferant,
1257 1747 1349 1772 cum
1369 1740 1538 1786 utraque

333 1835 391 1913 0ῖᾶ
410 1835 540 1911 Ιιίῖξετο
556 1859 564 1867 .
586 1860 593 1868 .
614 1859 622 1868 .
642 1837 680 1867 te
702 1833 843 1867 omitted
863 1834 906 1876 by
922 1833 1026 1867 MSS.
1042 1845 1051 1873 3
1076 1833 1193 1866 added
1207 1832 1251 1874 by
1265 1832 1449 1866 Aacemim
1466 1833 1540 1867 and

405 1889 422 1912 θ
448 1890 461 1910 2
476 1889 542 1911 0⁷⁶8.

379 2001 392 2022 ¹
417 2001 464 2034 M.
482 2000 683 2040 Marcellus,
696 1999 817 2038 consul
833 1999 869 2031 in
885 2001 923 2032 51
943 2008 1010 2032 no.
1026 1998 1097 2032 and
1112 2010 1133 2032 a
1148 1999 1308 2042 partisan
1317 1997 1354 2031 of
1369 1998 1536 2042 Pompey,

334 2044 405 2078 had
427 2045 502 2086 just
527 2044 613 2077 been
635 2042 822 2076 murdered
847 2042 894 2085 by
911 2043 959 2076 M.
981 2043 1121 2085 Magius
1144 2043 1231 2076 Cibo
1253 2046 1293 2076 at
1315 2042 1454 2075 Athens
1475 2048 1539 2075 out

334 2088 372 2122 of
394 2088 553 2131 jealousy
577 2087 634 2120 for
658 2087 720 2120 the
745 2087 871 2119 favour
894 2086 1016 2119 shown
1041 2087 1113 2119 him
1140 2087 1188 2130 by
1204 2085 1345 2126 Caesar,
1368 2086 1448 2119 who
1468 2085 1537 2119 hod

339 2138 415 2171 150
