1592 2366
602 189 639 225 M
648 190 682 225 A
691 187 826 226 RCUS
865 186 1111 226 TULLIUS
1149 187 1349 225 CICERO

369 275 569 323 adhibuit,
599 288 699 327 quos
730 278 976 314 existimavit
1003 277 1269 327 quaesituros,
1291 277 1369 313 nisi
1391 277 1575 317 scissent,

368 342 466 393 quid
489 346 609 380 esset.
667 342 777 380 Num
796 342 837 380 id
857 344 982 379 etiam
1006 340 1106 379 mihi
1135 340 1302 392 periculi
1330 338 1438 379 fuit?
1492 338 1574 380 Sed

367 414 507 448 tamen
532 409 655 447 faciat
679 408 750 446 illa
774 408 883 460 quod
909 421 997 459 ego.
1056 407 1173 446 Dabo
1197 419 1334 446 meum
1351 412 1574 446 testamen-

367 480 456 513 tum
474 474 711 526 legendum,
733 476 798 513 cui
823 473 1021 520 voluerit;
1049 472 1268 525 intelleget
1289 486 1372 511 non
1393 474 1574 524 potuisse

366 540 696 579 honorificentius
724 554 748 578 a
774 552 841 578 me
870 539 956 578 fieri
983 539 1036 578 de
1064 544 1230 590 nepote,
1249 551 1371 590 quam
1391 537 1570 576 fecerim.

367 607 487 655 Nam,
515 606 624 658 quod
651 620 735 645 non
762 605 954 644 advocavi
981 605 1033 644 ad
1060 603 1370 656 obsignandum,
1398 606 1573 655 primum

366 672 466 710 mihi
485 686 568 711 non
587 675 700 710 venit
719 675 762 709 in
781 676 979 718 mentem,
1006 670 1158 709 deinde
1186 682 1236 708 ea
1261 682 1306 707 re
1332 682 1416 707 non
1443 670 1571 716 venit,

365 741 459 789 quia
488 737 591 776 nihil
622 740 803 776 attinuit.
860 737 968 775 Tute
1000 738 1091 783 scis,
1121 738 1155 774 si
1183 735 1305 774 modo
1336 736 1571 783 meministi,

364 818 431 843 me
461 806 534 843 tibi
566 809 655 843 tum
685 804 848 851 dixisse,
878 808 926 842 ut
955 803 1008 841 de
1037 805 1120 841 tuis
1148 802 1303 854 aliquos
1334 801 1568 840 adduceres.

365 868 474 916 Quid
504 870 614 907 enim
642 881 742 919 opus
770 872 858 906 erat
882 866 1050 905 multis?
1107 866 1308 918 Equidem
1327 865 1571 904 domesticos

363 934 567 969 iusseram.
625 931 731 969 Tum
750 932 826 969 tibi
846 930 1011 981 placuit,
1031 934 1079 968 ut
1096 931 1305 968 mitterem
1331 928 1385 967 ad
1412 927 1566 967 Silium.

365 996 467 1035 [nde
497 1002 560 1034 est
587 1001 743 1043 natum,
766 1001 815 1034 ut
841 995 892 1033 ad
923 994 1164 1039 Publilium;
1192 994 1265 1033 sed
1282 1006 1450 1033 necesse
1467 1008 1568 1034 neu-

361 1067 471 1100 trum
491 1062 580 1100 fuit.
641 1062 734 1100 Hoc
752 1066 798 1100 tu
819 1062 1025 1109 tractabis,
1045 1066 1092 1099 ut
1110 1061 1187 1099 tibi
1206 1059 1419 1100 videbitur.

912 1248 1014 1287 XIX

755 1341 895 1367 ClCERO
923 1341 1064 1367 ATTICO
1093 1341 1171 1367 SAL.

72 1411 151 1450 Sor.
181 1411 343 1450 Asturae
414 1410 489 1449 Est
513 1409 579 1448 hic
605 1410 770 1461 quidem
788 1409 900 1448 locus
918 1423 1112 1449 amoenus
1131 1415 1176 1448 et
1194 1412 1236 1448 in
1255 1412 1356 1448 mari
1375 1413 1474 1462 ipso,
1493 1414 1562 1464 qui

70 1465 168 1517 prid·
186 1466 243 1504 Id·
359 1478 403 1511 et
428 1473 554 1510 Antio
581 1477 624 1511 et
649 1472 812 1511 Circeiis
834 1475 958 1523 aspici
981 1475 1131 1523 possit;
1158 1472 1232 1512 sed
1250 1473 1430 1512 ineunda
1447 1474 1563 1513 nobis

72 1519 190 1559 Marl-
207 1534 242 1559 a·
263 1522 340 1571 709
356 1538 458 1573 ratio
478 1541 553 1582 est,
573 1548 695 1586 quem
714 1535 766 1572 ad
789 1535 954 1573 modum
978 1538 1020 1572 in
1042 1538 1152 1573 omni
1180 1538 1407 1575 mutatione
1433 1535 1562 1576 domi-

356 1614 513 1648 norum,
540 1614 644 1652 quae
677 1600 994 1639 innumerabiles
1023 1601 1108 1639 fieri
1137 1606 1307 1652 possunt
1332 1603 1375 1639 in
1403 1601 1562 1642 infinita

353 1665 606 1714 posteritate,
626 1665 659 1702 si
679 1663 800 1701 modo
819 1663 920 1702 haec
942 1664 1122 1711 stabunt,
1150 1663 1251 1702 illud
1279 1667 1390 1716 quasi
1420 1677 1560 1705 conse-

353 1731 509 1764 cratum
538 1739 749 1764 remanere
779 1728 917 1777 possit.
975 1726 1177 1778 Equidem
1209 1728 1290 1764 iam
1321 1726 1421 1765 nihil
1456 1739 1559 1779 egeo

352 1792 618 1843 vectigalibus
638 1797 681 1830 et
699 1805 821 1842 parvo
840 1796 1059 1830 contentus
1079 1805 1166 1830 esse
1187 1805 1359 1843 possum.
1414 1792 1558 1845 Cogito

352 1856 558 1895 interdum
577 1862 689 1895 trans
708 1856 887 1895 Tiberim
911 1857 1049 1895 hortos
1071 1856 1225 1908 aliquos
1247 1870 1388 1908 parare
1407 1864 1452 1897 et
1469 1863 1556 1911 qui-

351 1922 447 1960 dem
465 1923 518 1961 ob
537 1921 642 1960 hanc
657 1935 817 1961 causam
831 1925 1006 1960 maxime
1021 1936 1030 1960 ε
1059 1922 1160 1960 nihil
1177 1925 1286 1960 enim
1300 1923 1431 1970 video,
1447 1926 1555 1976 quod

349 1993 434 2026 tam
453 1987 614 2026 celebre
634 2000 722 2026 esse
742 1989 878 2038 possit.
931 1987 1013 2026 Sed
1033 2000 1145 2039 quos,
1165 2000 1299 2026 coram
1317 1989 1555 2039 videbimus,

349 2056 407 2090 ita
426 2059 577 2100 tamen,
598 2058 644 2092 ut
662 2052 738 2090 hac
759 2057 917 2091 aestate
945 2052 1085 2091 fanum
1112 2052 1342 2092 absolutum
1371 2057 1434 2094 sit.
1493 2056 1552 2095 Tu

348 2123 486 2157 tamen
506 2132 598 2156 cum
617 2117 764 2169 Apella
785 2117 884 2156 Chio
904 2118 1054 2157 confice
1074 2118 1126 2157 de
1146 2118 1352 2158 columnis.

349 2177 398 2211 38
