1572 2378
56 1633 134 1671 Scr.
160 1633 197 1670 in
228 1633 322 1670 Tus-

56 1687 187 1725 culano
209 1688 243 1724 X
255 1688 287 1724 V
289 1688 313 1725 I

59 1742 105 1780 K.
127 1741 209 1780 Iun.
231 1756 266 1780 a.

60 1797 135 1835 :⁷09

575 150 801 189 MARCUS
840 150 1085 189 TULLIUS
1124 149 1325 188 CICERO

400 239 522 288 Quod
537 239 648 278 domi
663 243 706 277 te
721 238 935 286 inclusisti,
949 239 1105 276 ratione
1120 236 1273 283 fecisti3
1293 237 1380 285 sed,
1389 249 1552 289 quaese,

346 302 498 342 confice
513 308 558 341 et
571 307 615 341 te
630 314 800 340 vacuum
819 300 946 339 redde
962 301 1089 340 nobis.
1125 300 1215 351 Ego
1228 299 1338 347 hinc,
1352 305 1399 339 ut
1413 302 1552 351 scripsi

346 360 480 413 antea,
512 365 708 416 postridie
747 363 844 402 Idus
882 363 1051 411 Lanuvi,
1089 362 1240 402 deinde
1277 362 1474 414 postridie
1509 365 1550 400 in

346 427 586 467 Tusculano.
643 426 820 464 Contudi
845 429 955 464 enim
980 428 1161 463 animum
1191 430 1235 464 et
1263 425 1434 464 fortasse
1461 427 1552 472 vici,

347 494 380 529 si
397 491 518 529 modo
537 502 806 541 permansero.
866 489 978 527 Scies
997 491 1124 539 igitur
1142 488 1312 527 fortasse
1331 500 1430 536 cras,
1449 500 1551 526 sum-

347 568 456 592 mum
476 553 683 604 perendie.

399 616 481 655 Sed
515 615 612 667 quid
640 620 717 662 est,
746 615 925 667 quaeso?
985 613 1224 652 Philotimus
1256 626 1334 652 nec
1366 613 1550 652 Carteiae

351 679 583 729 Pompeium
607 680 741 716 teneri
771 678 867 729 (qua
893 676 946 715 de
975 689 1020 715 re
1048 676 1277 714 litterarum
1295 675 1347 714 ad
1366 675 1550 715 Clodium

348 741 584 779 Patavinum
612 743 823 778 missarum
849 738 1083 790 exemplum
1101 738 1202 776 mihi
1221 738 1380 790 Oppius
1398 744 1442 777 et
1459 738 1549 777 Bal-

346 805 419 843 bus
437 807 644 850 miserant,
665 816 708 841 se
728 803 771 841 id
791 802 944 840 factum
969 802 1170 852 arbitrari)
1198 801 1434 853 bellumque
1461 815 1550 840 nar-

346 874 407 907 rat
443 869 645 920 reliquum
684 871 780 906 satis
817 881 1024 918 magnum.
1093 867 1208 906 Solet
1253 870 1417 905 omnino
1461 880 1549 906 esse

349 932 625 970 Fulviniaster.
675 931 757 969 Sed
777 937 929 977 tamen,
949 933 982 968 si
1001 930 1099 982 quid
1119 930 1255 968 habes.
1305 929 1406 968 Volo
1426 933 1549 969 etiam

343 994 396 1033 de
415 994 625 1045 naufragio
645 993 866 1031 Caniniano
885 996 986 1031 scire
1007 992 1104 1044 quid
1124 995 1188 1031 sit.

397 1057 486 1108 Ego
505 1056 571 1094 hic
589 1056 670 1094 duo
689 1069 836 1106 magna
851 1056 1095 1107 συντάγματα
1109 1055 1260 1093 absolvi
1274 1067 1285 1101 ;
1313 1054 1426 1094 nullo
1439 1058 1548 1094 enim

342 1120 420 1158 alio
439 1119 560 1157 modo
579 1133 602 1156 a
621 1121 781 1157 miseria
801 1121 912 1170 quasi
931 1119 1118 1156 aberrare
1137 1130 1310 1168 possum.
1358 1117 1420 1155 Tu
1434 1118 1548 1165 mihi,

343 1186 500 1222 etiamsi
520 1182 622 1220 nihil
642 1185 732 1229 erit,
756 1182 864 1233 quod
890 1182 1051 1228 scribas,
1080 1180 1189 1232 quod
1216 1179 1303 1218 fore
1331 1182 1388 1218 ita
1418 1180 1546 1228 viden,

341 1251 479 1284 tamen
498 1245 539 1283 id
558 1248 689 1295 ipsum
710 1245 857 1283 scribas
879 1244 1011 1289 velim,
1032 1249 1075 1281 te
1096 1242 1197 1281 nihil
1217 1242 1418 1291 habuisse,
1438 1245 1544 1295 quod

339 1309 549 1355 scriberes,
569 1308 665 1345 dum
686 1307 807 1345 modo
826 1320 879 1344 ne
900 1306 962 1344 his
982 1307 1126 1344 verbis.

889 1489 999 1526 XLV

702 1584 705 1586 ’
735 1574 875 1599 CICERO
904 1573 1045 1598 ATTICO
1073 1572 1152 1598 SAL.

396 1636 459 1674 De
497 1635 636 1672 Attica
673 1635 839 1683 optime.
897 1631 1050 1681 Ἀκηδία
1083 1636 1154 1668 tua
1186 1643 1252 1668 me
1285 1636 1435 1679 movet,
1465 1635 1542 1671 etsi

339 1700 478 1737 scribis
496 1697 598 1735 nihil
618 1709 716 1734 esse.
776 1694 825 1732 In
851 1693 1079 1731 Tusculano
1107 1706 1156 1730 eo
1185 1693 1433 1732 commodius
1460 1707 1542 1742 ero,

340 1761 449 1813 quod
472 1765 516 1799 et
538 1760 716 1798 crebrius
744 1763 834 1796 tuas
862 1757 1019 1795 litteras
1047 1758 1240 1806 accipiam
1269 1761 1311 1794 et
1340 1761 1384 1795 te
1411 1759 1542 1808 ipsum

340 1837 423 1862 non
437 1835 657 1873 numquam
672 1820 818 1858 videbo
832 1834 843 1868 3
861 1833 954 1856 nam
970 1821 1178 1869 ceteroqui
1193 1819 1412 1868 ἀνεκτότερα
1426 1826 1543 1858 erant

339 1887 525 1924 Asturae.
585 1883 671 1921 Nec
704 1882 818 1928 haec,
848 1894 951 1932 quae
985 1881 1190 1927 refricant,
1221 1879 1286 1917 hic
1317 1893 1382 1918 me
1414 1884 1541 1932 magis

381 1984 391 2005 ¹
415 1984 461 2018 Of
487 1983 672 2016 Fulvinius
697 1981 847 2023 nothing
872 1981 902 2011 is
927 1979 1068 2018 known,
1098 1989 1181 2011 savo
1209 1979 1306 2010 what,
1332 1979 1360 2010 is
1386 1980 1538 2013 inferred

338 2030 426 2061 from
443 2028 516 2060 this
532 2036 689 2069 passage,
709 2025 790 2057 that
809 2025 852 2056 he
878 2034 948 2056 was
970 2034 992 2055 a
1015 2034 1138 2065 person
1164 2023 1267 2064 given
1291 2026 1329 2055 to
1351 2024 1541 2068 spreading

339 2074 423 2104 misc
443 2078 589 2112 reporta.

335 2122 387 2162 94
