1572 2378
27 442 105 480 Scr.
125 441 164 479 in

539 139 766 178 MARCUS
803 139 1047 179 TULLIUS
1086 138 1286 177 CICERO

805 278 917 325 XIV,
946 278 1021 316 XV

704 371 843 396 CICERO
872 370 1013 396 ATTICO
1041 370 1118 396 SAL.

366 438 473 476 Illud
492 441 615 476 etiam
630 443 754 490 atque
769 441 893 476 etiam
907 438 1137 476 consideres
1151 437 1284 485 velim,
1300 438 1511 489 placeatne

29 495 204 548 Arpinati
230 493 265 532 V
309 501 386 539 tibi
404 503 514 539 mitti
532 501 584 539 ad
603 500 837 547 Varronem,
858 500 966 551 quod
985 503 1224 551 scripsimus.
1282 500 1371 539 Etsi
1389 502 1512 539 etiam

31 550 78 588 K·
104 549 227 593 Qnim·
256 563 290 586 a·
311 563 363 602 ad
389 569 431 602 te
459 563 613 615 aliquid
641 566 832 614 pertinet.
892 564 997 601 Nam
1015 566 1116 601 scito
1135 568 1179 602 te
1198 566 1236 602 ei
1258 563 1419 614 dialogo
1442 562 1512 601 ad-

32 606 53 643 7
55 605 107 643 09

37 1513 115 1551 Sor.
136 1512 173 1549 in

311 631 495 665 iunctum
515 624 603 665 esse
622 629 801 665 tertium.
861 626 1017 677 Opinor
1043 629 1181 677 igitur,
1200 626 1510 665 consideremus.

312 690 400 728 Etsi
420 692 584 728 nomina
601 692 682 727 iam
699 688 808 727 facta
823 695 918 727 sunt
932 702 942 735 ;
971 688 1043 727 sed
1058 688 1121 727 vel
1138 688 1274 727 induci
1290 689 1353 727 vel
1367 692 1514 728 mutari

311 757 490 803 possunt.

366 814 476 862 Quid
495 818 594 866 agit,
613 815 779 853 obsecro
799 820 855 861 te,
876 814 1015 852 Attica
1034 815 1199 852 nostra?
1257 814 1361 852 Nam
1380 813 1516 852 triduo

310 877 382 915 abs
409 883 453 916 te
481 877 612 916 nullas
640 890 898 928 acceperam;
927 889 1004 914 nec
1032 879 1188 914 mirum.
1249 876 1380 914 Nemo
1407 878 1516 915 enim

313 945 492 987 venerat,
511 953 588 978 nec
607 939 777 978 fortasse
797 953 915 977 causa
934 939 1076 977 fuerat.
1128 938 1272 990 Itaque
1291 941 1390 990 ipse,
1409 938 1515 990 quod

313 1004 543 1050 scriberem,
558 1017 641 1040 non
656 1003 867 1040 habebam.
917 1001 1008 1049 Quo
1023 1007 1161 1040 autem
1181 1001 1248 1040 die
1267 1001 1339 1040 has
1359 1000 1518 1039 Valerio

313 1066 471 1113 dabam,
493 1067 777 1117 exspectabam
796 1066 973 1117 aliquem
992 1078 1184 1102 meorum.
1236 1064 1317 1112 Qui
1337 1067 1370 1102 si
1388 1066 1519 1103 venis-

314 1135 378 1168 set
406 1135 449 1167 et
476 1142 499 1166 a
527 1134 570 1167 te
598 1129 697 1180 quid
724 1129 943 1175 attulisset,
962 1128 1150 1166 videbam
1168 1140 1251 1165 non
1270 1127 1519 1174 defuturum,

271 1222 276 1226 .
314 1191 423 1243 quod
443 1192 672 1230 scriberem.

870 1337 965 1374 XVI

715 1430 854 1455 CICERO
884 1430 1024 1455 ATTICO
1054 1431 1094 1454 SA
1100 1430 1130 1455 L.

374 1497 471 1543 Nos,
492 1510 583 1534 cum
603 1497 766 1534 flumina
794 1502 838 1534 et
865 1496 1127 1534 solitudinem
1151 1509 1425 1548 sequeremur,
1444 1509 1524 1548 quo

40 1566 213 1618 Arpinati
244 1564 306 1602 IV
319 1558 476 1597 facilius
495 1564 724 1597 sustentare
744 1572 817 1597 nos
836 1572 1056 1609 possemus,
1071 1558 1219 1610 pedem
1238 1571 1262 1597 e
1281 1559 1375 1596 villa
1392 1558 1524 1598 adhuc

45 1621 88 1659 K.
116 1620 241 1664 Quint.
267 1633 302 1657 a.
322 1624 475 1672 egressi
502 1635 585 1660 non
613 1635 773 1666 sumus3
810 1624 867 1659 ita
894 1634 1062 1672 magnos
1091 1626 1134 1659 et
1161 1620 1349 1659 adsiduos
1376 1622 1524 1660 imbres

42 1676 118 1714 709

322 1684 580 1723 habebamus.
651 1684 769 1722 Illam
806 1683 1056 1735 Ἀκαδημικὴν
1096 1684 1271 1730 σύνταξιν
1308 1688 1435 1722 totam
1471 1683 1524 1722 ad

324 1747 543 1786 Varronem
582 1747 844 1785 traduximus.
903 1745 1036 1784 Primo
1069 1745 1148 1784 fuit
1177 1745 1322 1793 Catuli,
1355 1745 1524 1794 Luculli,

324 1811 546 1856 Hortensi3
585 1810 748 1856 deinde,
780 1812 873 1860 quia
904 1810 1005 1859 παρὰ
1042 1810 1085 1848 τὸ
1122 1809 1265 1859 πρέπον
1301 1808 1526 1856 videbatur,

321 1873 430 1924 quod
452 1878 539 1911 erat
560 1872 790 1910 hominibus
809 1876 907 1910 nota
921 1885 1004 1909 non
1018 1871 1088 1909 illa
1107 1871 1273 1923 quidem
1291 1871 1526 1918 ἀπαιδευσία,

321 1935 393 1974 sed
425 1939 467 1973 in
496 1938 543 1973 iis
573 1936 693 1974 rebus
726 1934 891 1986 ἀτριψία,
921 1934 1038 1972 simul
1075 1947 1122 1972 ac
1159 1936 1253 1972 veni
1289 1933 1341 1972 ad
1378 1932 1526 1980 villam,

322 1997 486 2036 eosdem
506 1998 595 2036 illos
614 2010 819 2036 sermones
838 1996 889 2034 ad
909 1996 1106 2034 Catonem
1127 1996 1378 2048 Brutumque
1398 2001 1526 2034 trans-

321 2060 408 2099 tuli.
467 2060 574 2099 Ecce
603 2066 699 2099 tuae
729 2060 891 2098 litterae
920 2058 972 2097 de
1002 2059 1192 2097 Varrone.
1251 2058 1417 2097 Nemini
1443 2060 1527 2096 visa

327 2118 402 2153 134
