1572 2378
579 171 805 210 MARCUS
843 169 1088 209 TULLIUS
1127 168 1327 207 CICERO

348 268 445 301 ante
471 261 524 300 ad
552 273 646 300 eum
673 262 923 310 scripseram,
949 257 1263 308 exemplumque
1286 268 1470 294 mearum
1486 254 1553 295 lit-

349 331 528 364 terarum
556 323 608 362 ad
637 329 681 362 te
710 322 920 361 miseram!
987 320 1082 368 Sed,
1113 333 1205 358 cum
1234 332 1286 358 ex
1316 317 1553 358 Dolabellae

349 390 466 426 aritia
483 386 559 440 (sic
577 388 687 425 enim
705 391 751 424 tu
770 385 820 423 ad
840 397 907 422 me
930 382 1164 435 scripseras)
1190 395 1339 434 magna
1365 381 1554 433 despera-

350 454 463 489 tione
497 449 684 488 adfectus
721 461 864 495 essem,
903 460 998 485 ecce
1035 447 1112 484 tibi
1149 450 1193 484 et
1231 444 1347 483 Bruti
1383 449 1427 483 et
1457 449 1554 484 tuae

349 514 534 553 litterae!
593 511 669 550 Ille
689 511 875 550 exsilium
893 509 1091 548 meditari.
1152 508 1235 546 Nos
1263 513 1401 546 autem
1428 506 1550 552 alium

351 581 512 628 portum
543 577 772 627 propiorem
799 573 894 612 huic
921 574 1047 610 aetati
1075 570 1333 616 videbamus;
1362 572 1404 608 in
1431 582 1553 622 quem

349 639 513 677 mallem
531 637 722 690 equidem
746 635 915 687 pervehi
942 634 1112 673 florente
1141 633 1267 671 Bruto
1294 637 1432 671 nostro
1459 645 1554 672 eon-

349 705 574 753 stitutaque
591 713 636 738 re
655 699 826 750 publica.
886 697 967 737 Sed
995 710 1105 735 nunc
1133 696 1311 748 quidem,
1333 700 1382 734 ut
1400 695 1554 744 scribis,

349 778 431 803 non
443 765 652 804 utrumvis.
698 761 927 800 Adsentiris
943 763 1051 798 enim
1067 759 1167 797 mihi
1181 764 1360 798 nostram
1374 762 1552 798 aetatem

348 842 371 865 a
389 829 542 874 castris,
561 827 800 878 praesertim
820 823 1015 870 civilibus,
1034 822 1261 860 abhorrere.

403 891 606 928 Antonius
623 887 675 926 ad
694 901 761 926 me
779 892 942 925 tantum
961 885 1014 924 de
1029 885 1169 923 Clodio
1188 887 1405 936 rescripsit,
1419 897 1550 923 meam

351 955 560 992 lenitatem
581 956 625 990 et
643 951 903 989 clementiam
924 954 968 988 et
986 949 1062 987 sibi
1081 960 1170 986 esse
1196 952 1354 999 gratam
1383 951 1427 986 et
1451 946 1550 985 mihi

348 1017 546 1067 voluptati
565 1027 738 1064 magnae
757 1013 857 1052 fore.
914 1012 996 1051 Sed
1019 1011 1147 1050 Pansa
1164 1010 1299 1050 furere
1319 1009 1483 1049 videtur
1499 1009 1552 1049 de

348 1078 487 1118 Clodio
517 1081 700 1129 itemque
730 1076 783 1114 de
817 1076 1022 1122 Deiotaro,
1054 1079 1098 1112 et
1128 1073 1308 1125 loquitur
1337 1085 1492 1122 severe,
1518 1075 1553 1112 si

349 1142 446 1181 velis
464 1141 642 1180 credere.
693 1139 801 1177 Illud
819 1144 959 1177 tamen
973 1150 1056 1175 non
1070 1137 1192 1184 belle,
1207 1141 1254 1175 ut
1272 1135 1371 1174 mibi
1387 1134 1552 1188 quidem

349 1205 519 1251 videtur,
539 1203 648 1255 quod
672 1201 826 1241 factum
852 1199 1090 1239 Dolabellae
1114 1199 1380 1238 vehementer
1404 1201 1552 1250 impro-

347 1269 427 1306 bat.
486 1266 550 1304 De
580 1266 792 1311 coronatis,
822 1277 914 1302 cum
941 1265 1083 1301 sororis
1117 1267 1212 1299 tuae
1245 1260 1348 1299 filius
1380 1274 1404 1298 a
1435 1265 1552 1312 patre

345 1334 554 1368 accusatus
570 1333 690 1375 esset,
705 1327 910 1376 rescripsit
924 1337 967 1363 se
982 1337 1171 1362 coronam
1184 1323 1371 1362 habuisse
1389 1322 1552 1362 honoris

346 1394 524 1432 Caesaris
553 1404 684 1436 causa,
714 1392 893 1440 posuisse
922 1388 1056 1426 luctus
1085 1389 1237 1438 gratia3
1273 1391 1479 1438 postremo
1507 1399 1551 1425 se

346 1457 523 1494 libenter
551 1454 892 1503 vituperationem
922 1451 1071 1497 subire,
1100 1449 1209 1500 quod
1241 1453 1396 1486 amaret
1427 1450 1549 1487 etiam

345 1523 549 1556 mortuum
570 1516 791 1554 Caesarem.

399 1580 464 1618 Ad
485 1578 750 1624 Dolabellam,
769 1590 891 1628 quem
910 1576 961 1614 ad
981 1575 1145 1613 modum
1163 1575 1240 1613 tibi
1258 1574 1358 1612 dicis
1377 1575 1550 1625 placere,

345 1645 484 1694 scripsi
514 1641 745 1692 diligenter.
805 1639 893 1690 Ego
924 1641 1048 1677 etiam
1078 1638 1129 1675 ad
1160 1637 1340 1682 Siccam3
1368 1637 1444 1675 tibi
1474 1636 1551 1675 hoc

345 1709 477 1744 oneris
507 1718 588 1743 non
619 1707 794 1754 impono.
854 1701 959 1739 Nolo
988 1706 1032 1739 te
1062 1700 1176 1738 illum
1206 1702 1353 1738 iratum
1387 1699 1548 1739 habere.

346 1767 457 1806 Servi
476 1769 700 1805 orationem
720 1776 943 1815 cognosco;
971 1766 1013 1800 in
1040 1776 1119 1814 qua
1143 1762 1234 1813 plus
1258 1764 1414 1800 timoris
1433 1761 1551 1800 video

345 1843 463 1881 quam
480 1827 646 1867 consilii.
696 1826 791 1873 Sed,
806 1828 995 1877 quoniam
1015 1826 1221 1875 perterriti
1241 1837 1382 1862 omnes
1400 1836 1550 1872 sumus,

344 1892 550 1931 adsentior
569 1891 718 1929 Servio.
770 1888 966 1926 Publilius
984 1893 1122 1926 tecum
1142 1889 1310 1925 tricatus
1330 1891 1404 1924 est.
1455 1885 1549 1925 Huc

345 1957 454 1993 enim
479 1952 676 1992 Caerellia
699 1954 820 1990 missa
845 1952 896 1989 ab
922 1953 1009 1989 istis
1035 1955 1099 1988 est
1126 1949 1263 2000 legata
1287 1948 1338 1987 ad
1367 1961 1457 1994 me;
1485 1951 1548 1987 cui

385 2065 395 2086 ¹
421 2063 647 2116 Apparently
661 2074 682 2095 a
698 2062 767 2105 slip
789 2060 827 2094 of
849 2060 911 2094 the
933 2071 1001 2103 pen
1025 2071 1070 2092 on
1094 2060 1156 2093 the
1179 2062 1262 2103 part
1283 2057 1320 2092 of
1334 2058 1486 2091 Atticus
1495 2057 1550 2090 for

342 2108 508 2149 avaritia,
525 2107 645 2140 unless
661 2107 722 2139 the
739 2109 819 2139 text
834 2105 864 2138 ia
880 2108 1035 2147 corrupt.

343 2151 423 2194 276
