1572 2378
549 165 778 204 MARCUS
816 165 1059 204 TULLlUS
1099 165 1300 206 CICERO

321 255 609 307 Exspectaram
627 260 767 293 tamen
782 254 936 306 aliquid
950 254 1003 293 de
1018 254 1167 294 litteris
1185 254 1303 294 Asini
1323 255 1525 306 Pollionis.

321 321 403 360 Sed
421 323 592 359 nimium
612 333 662 359 ex
681 333 775 359 meo
803 322 888 359 otio
915 325 1032 359 tuum
1061 325 1213 372 specto.
1272 319 1527 373 Quamquam

319 388 394 426 tibi
413 389 592 434 remitto,
608 389 686 424 nisi
701 386 800 438 quid
818 399 986 425 necesse
1006 388 1099 434 erit,
1117 399 1285 425 necesse
1304 399 1357 424 ne
1377 385 1528 426 habeas

318 454 506 500 scribere,
526 454 603 490 nisi
625 454 703 490 eris
722 451 841 491 valde
859 454 1022 489 otiosus.

374 519 438 557 De
456 518 676 557 tabellariis
695 517 885 564 facerem,
905 517 1014 568 quod
1033 517 1191 565 suades,
1210 519 1244 556 si
1263 523 1402 557 essent
1420 517 1528 558 ullae

317 586 565 624 necessariae
584 583 761 631 litterae,
778 588 824 621 ut
843 589 961 621 erant
979 583 1089 631 olim,
1104 596 1196 621 cum
1215 588 1356 622 tamen
1375 584 1529 623 brevio-

319 652 426 689 ribus
445 651 590 689 diebus
609 649 759 687 cotidie
778 649 1084 700 respondebant
1110 652 1286 700 tempori
1313 649 1528 698 tabellarii,

318 722 362 755 et
380 722 468 755 erat
487 714 652 767 aliquid,
673 714 807 762 Silius,
827 714 997 760 Drusus,
1021 714 1099 752 alia
1126 714 1340 766 quaedam.
1395 715 1528 763 Nunc,

319 785 396 821 nisi
415 781 528 820 Otho
548 782 784 828 exstitisset,
807 779 916 831 quod
944 780 1225 827 scriberemus,
1244 793 1327 818 non
1347 785 1435 820 erat
1447 793 1467 826 ;,
1486 780 1527 820 id

319 851 450 899 ipsum
488 846 660 885 dilatum
698 851 772 884 est.
840 845 996 883 Tamen
1037 845 1213 892 adlevor,
1252 858 1345 883 cum
1386 845 1530 897 loquor

319 920 456 952 tecum
475 914 634 959 absens,
654 911 785 950 multo
809 913 933 949 etiam
961 914 1103 962 magis,
1131 924 1224 949 cum
1252 916 1343 950 tuas
1371 911 1528 951 litteras

319 979 423 1030 lego.
481 978 576 1025 Sed,
602 979 790 1028 quoniam
821 981 864 1014 et
890 977 987 1015 abes
1018 978 1091 1026 (sic
1122 978 1233 1014 enim
1261 977 1465 1027 arbitror),
1484 982 1528 1016 et

318 1043 520 1083 scribendi
548 1045 768 1081 necessitas
796 1041 908 1079 nulla
937 1046 1013 1088 est,
1042 1044 1334 1092 conquiescent
1353 1041 1527 1089 litterae,

319 1113 394 1148 nisi
417 1109 512 1160 quid
535 1112 626 1145 novi
647 1111 862 1146 exstiterit.

885 1274 959 1311 XL

715 1367 853 1392 Clcsno
886 1366 1024 1391 ATTICO
1052 1366 1130 1391 SAL.

35 1438 112 1476 Scr.
142 1438 303 1476 Asturae
374 1437 516 1485 Qualis
535 1436 672 1475 futura
690 1438 743 1474 sit
763 1435 941 1472 Caesaris
960 1435 1204 1484 vituperatio
1230 1438 1371 1472 contra
1393 1433 1524 1472 lauda-

41 1491 123 1531 VH
134 1492 189 1530 Id·
203 1491 300 1530 ἎῙαῖ·
319 1505 475 1542 tionem
502 1515 650 1548 meam,
672 1503 860 1552 perspexi
879 1513 930 1538 ex
949 1513 998 1538 eo
1016 1499 1132 1546 libro,
1151 1512 1272 1551 quem
1295 1499 1455 1538 Hirtius
1473 1499 1524 1538 ad

34 1560 68 1584 a.
94 1548 170 1586 709

319 1582 386 1607 me
418 1570 552 1613 misit3
594 1570 638 1605 in
669 1580 750 1618 quo
787 1566 944 1617 colligit
979 1568 1078 1604 vitia
1117 1564 1296 1613 Catonis,
1327 1565 1400 1604 sed
1433 1578 1524 1604 cum

317 1637 502 1672 maximis
521 1633 706 1671 laudibus
728 1634 840 1670 meis.
901 1632 1044 1683 Itaque
1067 1633 1158 1669 misi
1180 1630 1327 1668 librum
1355 1630 1407 1668 ad
1437 1630 1524 1669 Mu·

316 1713 437 1747 scam,
457 1705 505 1737 ut
522 1701 603 1736 tuis
622 1698 793 1735 librariis
821 1697 948 1735 daret.
1008 1696 1109 1734 Volo
1137 1699 1247 1734 enim
1276 1708 1371 1734 eum
1398 1694 1524 1733 divul-
1568 1737 1572 1740 Α

316 1768 426 1816 gari;
454 1764 561 1816 quod
583 1777 663 1815 quo
682 1763 838 1801 facilius
858 1763 941 1809 fiat,
960 1763 1176 1813 imperabis
1195 1764 1286 1800 tuis.
1570 1753 1572 1766 ³

370 1830 696 1882 Συμβουλευτικὸν
724 1842 844 1879 saepe
870 1841 1002 1866 conor.
1062 1827 1176 1865 Nihil
1195 1829 1354 1878 reperio
1373 1832 1417 1866 et
1435 1829 1522 1879 qui-

315 1897 408 1936 dem
446 1908 606 1934 mecum
644 1895 774 1932 habeo
812 1900 856 1933 et
891 1893 1179 1943 Ἀριστοτέλους
1215 1897 1260 1931 et
1295 1893 1523 1943 Θεοπόμπου
1568 1937 1572 1941 „

315 1963 437 2001 libros
467 1963 559 2012 πρὸς
592 1959 851 2010 Ἀλέξανδρον.
910 1958 992 1997 Sed
1023 1957 1120 2010 quid
1154 1957 1311 1996 simile?
1370 1956 1451 2005 Illi,
1477 1962 1521 1996 et

314 2041 418 2079 quae
446 2029 541 2078 ipsis
570 2026 741 2064 honesta
770 2029 922 2071 essent,
951 2024 1182 2062 scribebant
1201 2028 1244 2061 et
1263 2027 1377 2072 grata
1397 2021 1518 2060 Alex·
1569 2037 1572 2069 ς

313 2093 450 2130 andro.
511 2091 665 2143 Ecquid
687 2096 731 2128 tu
754 2093 839 2128 eius
859 2090 966 2127 modi
989 2089 1167 2139 reperis?
1225 2087 1327 2126 Mihi
1353 2087 1518 2139 quidem
1568 2081 1572 2128 Ξ

316 2152 367 2186 82
