1572 2358
545 151 771 191 MARCUS
808 152 1052 192 TULLIUS
1091 153 1292 193 CICERO

316 236 425 285 Quid
461 251 559 289 ergo
592 251 692 289 opus
725 244 813 277 erat
845 239 1048 290 epistula?
1109 240 1232 288 Quid,
1263 253 1355 278 cum
1387 253 1518 279 coram

315 317 452 342 sumus
482 309 525 342 et
553 306 764 357 garrimus,
792 304 984 356 quicquid
1012 307 1055 343 in
1085 306 1281 344 buccam?
1338 305 1413 344 Est
1430 318 1516 358 pro-

316 368 426 407 fecto
454 369 647 421 quiddam
676 371 814 423 λέσχη,
840 383 944 422 quae
974 370 1112 418 habet,
1131 374 1289 410 etiamsi
1308 370 1410 409 nihil
1429 372 1518 410 sub-

317 440 393 482 est,
413 435 681 473 collocutione
702 437 787 486 ipsa
807 438 1060 475 suavitatem.

901 651 941 690 11

714 736 799 761 elei:
805 736 853 760 ΠΟ
883 735 1023 761 A'r‘rlco
1052 737 1093 760 SA
1099 736 1128 761 L.

33 805 111 843 scr·
133 804 276 843 Romae
393 793 473 831 Hic
506 806 685 832 rumores
717 799 856 832 tamen
892 794 1078 832 Murcum
1112 797 1262 845 perisse
1299 794 1521 847 naufragio,

33 863 118 898 ante
138 858 231 898 med.
252 872 298 897 m.
319 859 505 897 Asinium
533 858 715 896 delatum
745 861 878 897 vivum
906 861 950 897 in
977 873 1121 898 manus
1148 860 1337 908 militum,
1365 872 1387 899 ι.
1410 862 1522 900 navis

38 914 127 965 APT-
157 927 192 952 α·
225 915 302 953 703
318 925 474 963 delatas
495 924 657 963 Uticam
679 924 820 963 reflatu
835 925 926 972 hoc,
944 925 1179 976 Pompeium
1193 939 1275 964 non
1290 938 1523 978 comparere

317 1003 394 1029 nec
422 992 466 1028 in
494 990 727 1028 Balearibus
755 993 920 1029 omnino
947 990 1084 1038 fuisse,
1106 997 1151 1030 ut
1172 991 1384 1031 Paciaecus
1406 991 1522 1031 adfir-

317 1061 412 1095 mat.
462 1055 544 1095 Sed
565 1061 706 1094 auctor
719 1056 869 1095 nullius
888 1059 946 1095 rei
966 1059 1187 1108 quisquam.
1238 1058 1392 1106 Habes,
1405 1071 1522 1110 quae,

317 1122 415 1160 dum
442 1127 488 1160 tu
516 1122 625 1168 abes,
655 1121 780 1160 locuti
809 1124 902 1160 sint.
964 1122 1067 1160 Ludi
1100 1126 1258 1162 interea
1291 1123 1520 1163 Praeneste.

321 1188 378 1225 Ibi
404 1188 563 1225 Hirtius
583 1192 626 1225 et
645 1190 711 1225 isti
733 1201 884 1226 omnes.
944 1188 998 1226 Et
1017 1189 1180 1240 quidem
1210 1189 1295 1227 ludi
1324 1189 1412 1228 dies
1439 1203 1519 1228 vni.

318 1254 433 1300 Quae
472 1266 611 1300 cenae,
649 1266 751 1304 quae
789 1252 982 1291 deliciae!
1043 1254 1122 1292 Res
1160 1257 1316 1293 interea
1352 1254 1522 1295 fortasse

318 1324 521 1358 transacta
550 1323 624 1357 est.
684 1318 721 1357 O
749 1321 870 1357 miros
899 1319 1107 1358 homines!
1165 1320 1223 1359 At
1249 1321 1396 1360 Balbus
1413 1321 1522 1361 aedi-

319 1384 434 1429 ficat3
472 1385 511 1422 τί
535 1385 607 1435 γὰρ
636 1385 734 1435 αὐτῷ
762 1385 886 1433 μέλει;
927 1384 1074 1422 Verum
1105 1387 1136 1423 si
1166 1388 1337 1436 quaeris,
1369 1386 1522 1426 homini

319 1463 398 1487 non
419 1456 542 1495 recta,
563 1449 634 1486 sed
656 1449 880 1500 voluptaria
905 1453 1116 1501 quaerenti
1146 1464 1282 1490 nonne
1309 1453 1522 1502 βεβίωταιῖ*

318 1516 378 1553 Tu
399 1518 557 1553 interea
576 1514 735 1552 dormis.
798 1514 882 1552 Iam
903 1515 1189 1565 explicandum
1215 1521 1278 1554 est
1299 1518 1522 1569 πρόβλημα,

317 1583 350 1618 si
383 1579 479 1631 quid
515 1584 677 1616 acturus
711 1592 764 1617 eS.
838 1578 878 1617 Si
914 1583 1085 1631 quaeris,
1123 1581 1221 1632 quid
1257 1586 1413 1632 putem,
1446 1595 1523 1634 ego

318 1646 522 1684 fructuml
553 1650 662 1695 puto.
722 1645 804 1683 Sed
833 1645 930 1696 quid
965 1646 1120 1684 multa?
1178 1646 1262 1684 Iam
1290 1652 1334 1686 te
1363 1647 1520 1697 videbo,

360 1733 372 1753 ί
395 1733 550 1765 fructum
582 1731 712 1765 Mssa
751 1737 933 1775 peractum
960 1733 1097 1767 Moser:
1136 1733 1333 1767 confectum
1357 1734 1518 1770 Scht'itaee:

316 1776 471 1810 eluctum
490 1775 587 1808 Ellis.

358 1867 373 1888 ¹·
396 1866 456 1924 Οἱ,
473 1876 513 1898 as
536 1865 675 1908 Tyrrell
698 1871 872 1908 suggests,
895 1869 918 1883 “
930 1866 1073 1899 There’s
1087 1867 1136 1900 tit
1151 1866 1206 1900 for
1220 1871 1286 1900 tat.
1336 1867 1354 1901 Ι
1371 1868 1461 1901 have
1476 1880 1520 1902 no

317 1920 534 1987 noya-tatius
551 1952 708 1991 Murcus,
726 1963 770 1984 an
786 1952 904 1986 officer
920 1953 954 1985 in
973 1953 1128 1986 Caesar‘s
1148 1964 1258 1997 army.
1308 1954 1364 1987 He
1381 1955 1410 1987 is
1425 1966 1517 1988 men-

317 1997 438 2031 tioned
454 1996 556 2039 again
573 1996 665 2028 later
679 1996 714 2028 in
732 1996 829 2029 Fam.
850 2005 918 2029 ΧΠ.
943 1998 992 2036 ll,
1015 1998 1040 2029 1.

361 2040 374 2061 ³
397 2041 451 2074 tle.
481 2039 629 2072 soldiers
660 2039 697 2072 of
721 2039 887 2083 Pompey‚
918 2040 1063 2073 Asinius
1094 2040 1207 2074 Pollio
1238 2038 1341 2084 being
1369 2042 1518 2076 another

319 2084 492 2117 adherent
508 2083 544 2116 of
559 2082 699 2116 Caesar.

319 2134 343 2167 4
