1572 2378
568 159 606 196 Μ
616 160 648 196 Α
657 159 793 197 RCUS
831 158 1075 197 TULLIUS
1115 158 1315 197 CICERO

337 250 528 299 quoniam
564 246 783 286 interfecto
820 246 986 285 domino
1018 246 1135 285 liberi
1166 258 1250 285 non
1282 258 1433 293 sumus,
1464 257 1545 283 non

339 318 463 356 fuerit
490 318 678 357 dominus
707 317 777 357 ille
810 317 1041 370 fugiendus.
1101 317 1254 365 Rubeo,
1283 316 1384 354 mihi
1412 314 1547 363 crede,

338 390 411 430 sed
431 393 508 428 iam
529 393 787 442 scripseram3
816 390 956 428 delere
974 389 1098 427 nolui.

397 463 459 501 De
499 462 746 500 Menedemo
779 461 927 500 vellem
959 474 1100 499 verum
1133 460 1289 506 fuisset,
1322 458 1375 498 de
1406 460 1546 510 regina

340 535 458 573 velim
497 547 637 572 verum
675 535 738 572 sit.
809 533 954 571 Cetera
986 545 1134 579 coram,
1166 536 1211 570 et
1241 532 1416 569 maxime
1447 529 1547 582 quid

338 608 485 644 nostris
504 604 736 643 faciendum
760 607 826 651 sit,
846 603 943 656 quid
973 606 1096 642 etiam
1124 602 1254 648 nobis,
1281 603 1314 640 si
1342 601 1547 640 Antonius

337 677 534 715 militibus
553 676 786 723 obsessurus
806 681 870 714 est
888 680 1087 714 senatum.
1140 674 1259 711 Hanc
1279 672 1495 724 epistulam
1512 673 1547 711 si

336 748 443 786 illius
474 747 685 786 tabellario
715 747 933 794 dedissem,
961 749 1112 785 veritus
1142 729 1244 792 sum,
1274 758 1328 783 ne
1357 743 1544 785 solveret.

338 819 482 870 Itaque
501 821 591 857 misi
610 819 760 857 dedita.
832 818 927 855 Erat
947 820 1055 855 enim
1075 815 1378 855 rescribendum
1397 817 1490 854 tuis.

904 979 984 1018 [Va

732 1082 875 1108 clcERo
904 1081 1044 1106 A'r'rico
1073 1080 1150 1107 SAL.

54 1171 131 1209 Ser,
158 1171 197 1208 in
227 1170 322 1209 Tus-
394 1162 527 1209 Quam
543 1160 690 1199 vellem
707 1159 832 1196 Bruto
843 1157 1022 1196 studium
1036 1162 1152 1194 tuum
1168 1167 1313 1193 navare
1328 1155 1542 1205 potuisses!

51 1226 184 1263 Gulfflw
203 1225 236 1261 V
237 1226 261 1262 Ῐ
273 1225 322 1263 K·
341 1233 429 1285 Ego
447 1235 573 1284 igitur
589 1231 642 1269 ad
661 1244 755 1269 eum
774 1229 942 1267 litteras.
996 1227 1063 1265 Ad
1083 1226 1336 1264 Dolabellam
1354 1225 1543 1264 Tironem

57 1280 135 1318 Iun·
157 1293 191 1319 α·
219 1280 295 1319 710
338 1308 429 1343 misi
448 1318 540 1342 cum
559 1303 760 1341 mandatis
780 1306 824 1339 et
842 1300 1001 1338 litteris.
1052 1299 1155 1336 Eum
1175 1297 1227 1336 ad
1246 1302 1289 1336 te
1309 1297 1468 1336 vocabis
1487 1302 1544 1344 et,

337 1380 371 1415 si
396 1377 493 1428 quid
520 1376 700 1422 habebis,
725 1372 834 1426 quod
862 1372 1034 1424 placeat,
1062 1371 1222 1409 scribes.
1281 1368 1387 1407 Ecce
1405 1373 1543 1408 autem

334 1448 387 1486 de
403 1454 581 1487 traverso
597 1446 641 1484 L.
659 1445 804 1483 Caesar
818 1449 865 1482 ut
878 1446 1038 1482 veniam
1057 1441 1108 1480 ad
1128 1454 1171 1479 se
1191 1445 1308 1491 rogat
1327 1442 1368 1477 in
1390 1439 1544 1478 Nemus

334 1525 406 1558 aut
425 1519 608 1564 scribam,
624 1530 704 1568 quo
719 1529 761 1555 se
776 1518 915 1554 venire
934 1514 1054 1552 velim
1070 1526 1079 1557 ;
1111 1513 1236 1550 Bruto
1254 1513 1363 1549 enim
1384 1510 1543 1561 placere

335 1605 378 1629 se
411 1604 435 1628 a
466 1603 532 1627 me
566 1589 783 1626 conveniri.
852 1585 890 1625 Ο
924 1598 1009 1623 rem
1043 1584 1220 1622 odiosam
1252 1587 1296 1621 et
1325 1580 1543 1632 inexplica-

336 1663 483 1701 bilem!
542 1661 644 1698 Puto
673 1673 739 1697 me
768 1670 865 1709 ergo
893 1660 1044 1695 iturum
1074 1660 1118 1693 et
1145 1654 1240 1692 inde
1267 1654 1446 1698 Romam,
1465 1654 1542 1690 nisi

335 1734 431 1785 quid
466 1738 634 1771 mutaro.
704 1731 944 1769 Summatim
982 1727 1114 1765 adhuc
1146 1726 1198 1763 ad
1231 1731 1299 1771 te;
1342 1723 1541 1762 nihildum

335 1808 445 1844 enim
475 1819 498 1842 a
529 1803 666 1841 Balbo.
734 1801 840 1839 Tuas
873 1803 997 1851 igitur
1029 1803 1221 1849 exspecto
1254 1809 1331 1834 nec
1360 1800 1541 1834 actorum

334 1876 479 1922 solum,
498 1875 569 1914 sed
590 1876 712 1912 etiam
734 1872 971 1910 futurorum.

338 2143 414 2177 308
