<?xml version="1.0" encoding="UTF-8"?>
<!DOCTYPE html PUBLIC "-//W3C//DTD XHTML 1.0 Transitional//EN"
    "http://www.w3.org/TR/xhtml1/DTD/xhtml1-transitional.dtd">
<html xmlns="http://www.w3.org/1999/xhtml" xml:lang="en" lang="en">
 <head>
  <title>
</title>
<meta http-equiv="Content-Type" content="text/html;charset=utf-8" />
  <meta name='ocr-system' content='tesseract 3.04.00' />
  <meta name='ocr-capabilities' content='ocr_page ocr_carea ocr_par ocr_line ocrx_word'/>
</head>
<body>
  <div class='ocr_page' id='page_1' title='image "./letterstoatticuswins03ciceuoft_0036.png"; bbox 0 0 1592 2366; ppageno 0'>
   <div class='ocr_carea' id='block_1_1' title="bbox 561 150 1310 190">
    <p class='ocr_par' dir='ltr' id='par_1_1' title="bbox 561 150 1310 190">
     <span class='ocr_line' id='line_1_1' title="bbox 561 150 1310 190; baseline 0 -2"><span class='ocrx_word' id='word_1_1' title='bbox 561 150 787 190; x_wconf 88' lang='lat' dir='ltr'>MARCUS</span> <span class='ocrx_word' id='word_1_2' title='bbox 826 150 1071 189; x_wconf 93' lang='lat' dir='ltr'>TULLIUS</span> <span class='ocrx_word' id='word_1_3' title='bbox 1109 150 1310 189; x_wconf 85' lang='lat' dir='ltr'>CICERO</span> 
     </span>
    </p>
   </div>
   <div class='ocr_carea' id='block_1_2' title="bbox 334 220 1539 439">
    <p class='ocr_par' dir='ltr' id='par_1_2' title="bbox 334 220 1539 439">
     <span class='ocr_line' id='line_1_2' title="bbox 390 220 1539 291; baseline -0.001 -12"><span class='ocrx_word' id='word_1_4' title='bbox 390 240 455 279; x_wconf 89' lang='lat' dir='ltr'>De</span> <span class='ocrx_word' id='word_1_5' title='bbox 485 239 610 278; x_wconf 85' lang='lat' dir='ltr'>Balbo</span> <span class='ocrx_word' id='word_1_6' title='bbox 638 245 682 278; x_wconf 88' lang='lat' dir='ltr'>et</span> <span class='ocrx_word' id='word_1_7' title='bbox 709 242 751 278; x_wconf 91' lang='lat' dir='ltr'>in</span> <span class='ocrx_word' id='word_1_8' title='bbox 780 239 975 278; x_wconf 88' lang='lat' dir='ltr'>codicillis</span> <span class='ocrx_word' id='word_1_9' title='bbox 997 220 1235 291; x_wconf 75' lang='lat' dir='ltr'>scripseratn</span> <span class='ocrx_word' id='word_1_10' title='bbox 1253 244 1298 278; x_wconf 86' lang='lat' dir='ltr'>et</span> <span class='ocrx_word' id='word_1_11' title='bbox 1315 241 1374 278; x_wconf 85' lang='lat' dir='ltr'>ita</span> <span class='ocrx_word' id='word_1_12' title='bbox 1390 241 1539 291; x_wconf 79' lang='lat' dir='ltr'>cogito,</span> 
     </span>
     <span class='ocr_line' id='line_1_3' title="bbox 335 313 1539 365; baseline -0.002 -11"><span class='ocrx_word' id='word_1_13' title='bbox 335 315 452 354; x_wconf 89' lang='lat' dir='ltr'>simul</span> <span class='ocrx_word' id='word_1_14' title='bbox 481 327 528 353; x_wconf 86' lang='lat' dir='ltr'>ac</span> <span class='ocrx_word' id='word_1_15' title='bbox 557 313 735 353; x_wconf 82' lang='lat' dir='ltr'>redierit.</span> <span class='ocrx_word' id='word_1_16' title='bbox 793 313 866 353; x_wconf 92' lang='lat' dir='ltr'>Sin</span> <span class='ocrx_word' id='word_1_17' title='bbox 896 313 967 352; x_wconf 91' lang='lat' dir='ltr'>ille</span> <span class='ocrx_word' id='word_1_18' title='bbox 997 313 1164 361; x_wconf 79' lang='lat' dir='ltr'>tardius,</span> <span class='ocrx_word' id='word_1_19' title='bbox 1195 326 1273 365; x_wconf 86' lang='lat' dir='ltr'>ego</span> <span class='ocrx_word' id='word_1_20' title='bbox 1301 317 1440 352; x_wconf 80' lang='lat' dir='ltr'>tamen</span> <span class='ocrx_word' id='word_1_21' title='bbox 1467 315 1539 352; x_wconf 82' lang='lat' dir='ltr'>tri-</span> 
     </span>
     <span class='ocr_line' id='line_1_4' title="bbox 334 386 1467 439; baseline -0.001 -12"><span class='ocrx_word' id='word_1_22' title='bbox 334 388 474 436; x_wconf 89' lang='lat' dir='ltr'>duum,</span> <span class='ocrx_word' id='word_1_23' title='bbox 494 393 550 435; x_wconf 87' lang='lat' dir='ltr'>et,</span> <span class='ocrx_word' id='word_1_24' title='bbox 569 387 678 439; x_wconf 92' lang='lat' dir='ltr'>quod</span> <span class='ocrx_word' id='word_1_25' title='bbox 698 389 901 438; x_wconf 84' lang='lat' dir='ltr'>praeterii,</span> <span class='ocrx_word' id='word_1_26' title='bbox 922 386 1135 426; x_wconf 80' lang='lat' dir='ltr'><strong>Dolabella</strong></span> <span class='ocrx_word' id='word_1_27' title='bbox 1154 389 1278 426; x_wconf 88' lang='lat' dir='ltr'>etiam</span> <span class='ocrx_word' id='word_1_28' title='bbox 1295 400 1467 426; x_wconf 86' lang='lat' dir='ltr'>meeum.</span> 
     </span>
    </p>
   </div>
   <div class='ocr_carea' id='block_1_3' title="bbox 889 561 990 599">
    <p class='ocr_par' dir='ltr' id='par_1_3' title="bbox 889 561 990 599">
     <span class='ocr_line' id='line_1_5' title="bbox 889 561 990 599; baseline 0.01 -1"><span class='ocrx_word' id='word_1_29' title='bbox 889 561 990 599; x_wconf 88' lang='lat' dir='ltr'>VIII</span> 
     </span>
    </p>
   </div>
   <div class='ocr_carea' id='block_1_4' title="bbox 734 661 1152 688">
    <p class='ocr_par' dir='ltr' id='par_1_4' title="bbox 734 661 1152 688">
     <span class='ocr_line' id='line_1_6' title="bbox 734 661 1152 688; baseline 0.002 -1"><span class='ocrx_word' id='word_1_30' title='bbox 734 662 874 687; x_wconf 76' lang='lat' dir='ltr'>CICERO</span> <span class='ocrx_word' id='word_1_31' title='bbox 906 662 1045 687; x_wconf 78' lang='lat' dir='ltr'>ATTICO</span> <span class='ocrx_word' id='word_1_32' title='bbox 1075 661 1152 688; x_wconf 76' lang='lat' dir='ltr'><strong>SAL.</strong></span> 
     </span>
    </p>
   </div>
   <div class='ocr_carea' id='block_1_5' title="bbox 53 737 1542 831">
    <p class='ocr_par' dir='ltr' id='par_1_5' title="bbox 53 737 1542 831">
     <span class='ocr_line' id='line_1_7' title="bbox 53 737 1542 831; baseline 0 -56"><span class='ocrx_word' id='word_1_33' title='bbox 53 738 136 831; x_wconf 56' lang='lat' dir='ltr'>&amp;Z</span> <span class='ocrx_word' id='word_1_34' title='bbox 162 750 201 775; x_wconf 82' lang='lat' dir='ltr'><strong><em>m</em></strong></span> <span class='ocrx_word' id='word_1_35' title='bbox 229 737 323 775; x_wconf 80' lang='lat' dir='ltr'>Tus-</span> <span class='ocrx_word' id='word_1_36' title='bbox 396 738 459 776; x_wconf 88' lang='lat' dir='ltr'>De</span> <span class='ocrx_word' id='word_1_37' title='bbox 480 737 673 776; x_wconf 87' lang='lat' dir='ltr'>Cicerone</span> <span class='ocrx_word' id='word_1_38' title='bbox 692 737 831 775; x_wconf 87' lang='lat' dir='ltr'>multis</span> <span class='ocrx_word' id='word_1_39' title='bbox 851 751 915 776; x_wconf 87' lang='lat' dir='ltr'>res</span> <span class='ocrx_word' id='word_1_40' title='bbox 934 737 1080 788; x_wconf 84' lang='lat' dir='ltr'>placet.</span> <span class='ocrx_word' id='word_1_41' title='bbox 1126 737 1270 776; x_wconf 90' lang='lat' dir='ltr'>Comes</span> <span class='ocrx_word' id='word_1_42' title='bbox 1285 742 1348 776; x_wconf 88' lang='lat' dir='ltr'>est</span> <span class='ocrx_word' id='word_1_43' title='bbox 1361 737 1542 777; x_wconf 87' lang='lat' dir='ltr'>idoneus.</span> 
     </span>
     <span class='ocr_line' id='line_1_8' title="bbox 53 806 248 830; baseline 0 0"><span class='ocrx_word' id='word_1_44' title='bbox 53 807 96 830; x_wconf 84' lang='lat' dir='ltr'>cu</span> <span class='ocrx_word' id='word_1_45' title='bbox 137 806 184 830; x_wconf 85' lang='lat' dir='ltr'>no</span> <span class='ocrx_word' id='word_1_46' title='bbox 203 807 248 830; x_wconf 89' lang='lat' dir='ltr'>m.</span> 
     </span>
    </p>
   </div>
   <div class='ocr_carea' id='block_1_6' title="bbox 53 851 1548 942">
    <p class='ocr_par' dir='ltr' id='par_1_6' title="bbox 53 851 1548 942">
     <span class='ocr_line' id='line_1_9' title="bbox 53 851 1548 942; baseline 0.001 -16"><span class='ocrx_word' id='word_1_47' title='bbox 53 851 296 942; x_wconf 32' lang='lat' dir='ltr'>Zimyra-91¹⁰&amp;</span> <span class='ocrx_word' id='word_1_48' title='bbox 342 887 443 935; x_wconf 90' lang='lat' dir='ltr'>dies,</span> <span class='ocrx_word' id='word_1_49' title='bbox 463 892 507 926; x_wconf 86' lang='lat' dir='ltr'>et</span> <span class='ocrx_word' id='word_1_50' title='bbox 525 887 594 925; x_wconf 91' lang='lat' dir='ltr'>ille</span> <span class='ocrx_word' id='word_1_51' title='bbox 614 889 749 925; x_wconf 85' lang='lat' dir='ltr'>currit.</span> <span class='ocrx_word' id='word_1_52' title='bbox 797 886 950 935; x_wconf 86' lang='lat' dir='ltr'>Scribe,</span> <span class='ocrx_word' id='word_1_53' title='bbox 966 899 1129 938; x_wconf 86' lang='lat' dir='ltr'>quaeso,</span> <span class='ocrx_word' id='word_1_54' title='bbox 1143 886 1242 938; x_wconf 89' lang='lat' dir='ltr'>quid</span> <span class='ocrx_word' id='word_1_55' title='bbox 1259 885 1411 926; x_wconf 89' lang='lat' dir='ltr'>referat</span> <span class='ocrx_word' id='word_1_56' title='bbox 1429 886 1548 927; x_wconf 86' lang='lat' dir='ltr'>Celer</span> 
     </span>
    </p>
   </div>
   <div class='ocr_carea' id='block_1_7' title="bbox 343 811 1543 864">
    <p class='ocr_par' dir='ltr' id='par_1_7' title="bbox 343 811 1543 864">
     <span class='ocr_line' id='line_1_10' title="bbox 343 811 1543 864; baseline 0 -12"><span class='ocrx_word' id='word_1_57' title='bbox 343 813 424 852; x_wconf 90' lang='lat' dir='ltr'>Sed</span> <span class='ocrx_word' id='word_1_58' title='bbox 444 813 496 851; x_wconf 90' lang='lat' dir='ltr'>de</span> <span class='ocrx_word' id='word_1_59' title='bbox 516 815 644 864; x_wconf 87' lang='lat' dir='ltr'>prima</span> <span class='ocrx_word' id='word_1_60' title='bbox 662 815 858 864; x_wconf 89' lang='lat' dir='ltr'>pensione</span> <span class='ocrx_word' id='word_1_61' title='bbox 883 817 981 851; x_wconf 78' lang='lat' dir='ltr'>ante</span> <span class='ocrx_word' id='word_1_62' title='bbox 1009 811 1227 852; x_wconf 87' lang='lat' dir='ltr'>videamus.</span> <span class='ocrx_word' id='word_1_63' title='bbox 1285 812 1418 852; x_wconf 86' lang='lat' dir='ltr'>Adest</span> <span class='ocrx_word' id='word_1_64' title='bbox 1435 815 1543 852; x_wconf 76' lang='lat' dir='ltr'>enIm</span> 
     </span>
    </p>
   </div>
   <div class='ocr_carea' id='block_1_8' title="bbox 338 959 1546 1233">
    <p class='ocr_par' dir='ltr' id='par_1_8' title="bbox 338 959 1546 1233">
     <span class='ocr_line' id='line_1_11' title="bbox 341 959 1546 1013; baseline 0 -14"><span class='ocrx_word' id='word_1_65' title='bbox 341 964 473 1013; x_wconf 87' lang='lat' dir='ltr'>egisse</span> <span class='ocrx_word' id='word_1_66' title='bbox 502 961 714 1000; x_wconf 77' lang='lat' dir='ltr'>Caesarem</span> <span class='ocrx_word' id='word_1_67' title='bbox 743 974 835 999; x_wconf 91' lang='lat' dir='ltr'>eum</span> <span class='ocrx_word' id='word_1_68' title='bbox 863 960 1102 1008; x_wconf 87' lang='lat' dir='ltr'>candidatis,</span> <span class='ocrx_word' id='word_1_69' title='bbox 1122 965 1259 999; x_wconf 81' lang='lat' dir='ltr'>utrum</span> <span class='ocrx_word' id='word_1_70' title='bbox 1277 962 1365 1012; x_wconf 86' lang='lat' dir='ltr'>ipse</span> <span class='ocrx_word' id='word_1_71' title='bbox 1382 963 1426 999; x_wconf 88' lang='lat' dir='ltr'>in</span> <span class='ocrx_word' id='word_1_72' title='bbox 1443 959 1546 1000; x_wconf 87' lang='lat' dir='ltr'>feni-</span> 
     </span>
     <span class='ocr_line' id='line_1_12' title="bbox 338 1033 1546 1087; baseline -0.001 -13"><span class='ocrx_word' id='word_1_73' title='bbox 338 1036 532 1074; x_wconf 83' lang='lat' dir='ltr'>cularium</span> <span class='ocrx_word' id='word_1_74' title='bbox 562 1048 615 1073; x_wconf 89' lang='lat' dir='ltr'>an</span> <span class='ocrx_word' id='word_1_75' title='bbox 642 1038 686 1073; x_wconf 91' lang='lat' dir='ltr'>in</span> <span class='ocrx_word' id='word_1_76' title='bbox 715 1035 910 1074; x_wconf 87' lang='lat' dir='ltr'>Martium</span> <span class='ocrx_word' id='word_1_77' title='bbox 935 1048 1123 1087; x_wconf 88' lang='lat' dir='ltr'>campum</span> <span class='ocrx_word' id='word_1_78' title='bbox 1149 1037 1315 1086; x_wconf 81' lang='lat' dir='ltr'>cogitet.</span> <span class='ocrx_word' id='word_1_79' title='bbox 1372 1033 1428 1073; x_wconf 90' lang='lat' dir='ltr'>Et</span> <span class='ocrx_word' id='word_1_80' title='bbox 1444 1036 1546 1073; x_wconf 85' lang='lat' dir='ltr'>seire</span> 
     </span>
     <span class='ocr_line' id='line_1_13' title="bbox 338 1106 1544 1160; baseline -0.001 -14"><span class='ocrx_word' id='word_1_81' title='bbox 338 1122 434 1148; x_wconf 85' lang='lat' dir='ltr'>sane</span> <span class='ocrx_word' id='word_1_82' title='bbox 454 1109 589 1156; x_wconf 89' lang='lat' dir='ltr'>velim,</span> <span class='ocrx_word' id='word_1_83' title='bbox 605 1109 804 1160; x_wconf 90' lang='lat' dir='ltr'>numquid</span> <span class='ocrx_word' id='word_1_84' title='bbox 822 1122 989 1147; x_wconf 88' lang='lat' dir='ltr'>necesse</span> <span class='ocrx_word' id='word_1_85' title='bbox 1009 1111 1062 1147; x_wconf 92' lang='lat' dir='ltr'>sit</span> <span class='ocrx_word' id='word_1_86' title='bbox 1082 1110 1254 1146; x_wconf 86' lang='lat' dir='ltr'>comitiis</span> <span class='ocrx_word' id='word_1_87' title='bbox 1274 1120 1362 1146; x_wconf 87' lang='lat' dir='ltr'>esse</span> <span class='ocrx_word' id='word_1_88' title='bbox 1383 1106 1544 1146; x_wconf 82' lang='lat' dir='ltr'>Romae.</span> 
     </span>
     <span class='ocr_line' id='line_1_14' title="bbox 339 1181 1527 1233; baseline -0.002 -12"><span class='ocrx_word' id='word_1_89' title='bbox 339 1184 442 1221; x_wconf 87' lang='lat' dir='ltr'>Nam</span> <span class='ocrx_word' id='word_1_90' title='bbox 464 1189 508 1222; x_wconf 89' lang='lat' dir='ltr'>et</span> <span class='ocrx_word' id='word_1_91' title='bbox 530 1183 653 1222; x_wconf 87' lang='lat' dir='ltr'>Piliae</span> <span class='ocrx_word' id='word_1_92' title='bbox 673 1186 769 1221; x_wconf 82' lang='lat' dir='ltr'>satis</span> <span class='ocrx_word' id='word_1_93' title='bbox 790 1183 1022 1221; x_wconf 85' lang='lat' dir='ltr'>faciendum</span> <span class='ocrx_word' id='word_1_94' title='bbox 1042 1187 1107 1221; x_wconf 88' lang='lat' dir='ltr'>est</span> <span class='ocrx_word' id='word_1_95' title='bbox 1125 1187 1169 1220; x_wconf 88' lang='lat' dir='ltr'>et</span> <span class='ocrx_word' id='word_1_96' title='bbox 1189 1184 1331 1233; x_wconf 85' lang='lat' dir='ltr'>utique</span> <span class='ocrx_word' id='word_1_97' title='bbox 1351 1181 1527 1220; x_wconf 84' lang='lat' dir='ltr'>Atticae.</span> 
     </span>
    </p>
   </div>
   <div class='ocr_carea' id='block_1_9' title="bbox 736 1478 1154 1504">
    <p class='ocr_par' dir='ltr' id='par_1_9' title="bbox 736 1478 1154 1504">
     <span class='ocr_line' id='line_1_15' title="bbox 736 1478 1154 1504; baseline 0.002 -1"><span class='ocrx_word' id='word_1_98' title='bbox 736 1479 875 1504; x_wconf 78' lang='lat' dir='ltr'>CICERO</span> <span class='ocrx_word' id='word_1_99' title='bbox 905 1479 1046 1504; x_wconf 77' lang='lat' dir='ltr'>ATTICO</span> <span class='ocrx_word' id='word_1_100' title='bbox 1076 1478 1154 1504; x_wconf 76' lang='lat' dir='ltr'>SAL.</span> 
     </span>
    </p>
   </div>
   <div class='ocr_carea' id='block_1_10' title="bbox 55 1553 1547 1606">
    <p class='ocr_par' dir='ltr' id='par_1_10' title="bbox 55 1553 1547 1606">
     <span class='ocr_line' id='line_1_16' title="bbox 55 1553 1547 1606; baseline -0.001 -11"><span class='ocrx_word' id='word_1_101' title='bbox 55 1564 134 1602; x_wconf 71' lang='lat' dir='ltr'>Ser,</span> <span class='ocrx_word' id='word_1_102' title='bbox 161 1563 323 1601; x_wconf 64' lang='lat' dir='ltr'>Asturae</span> <span class='ocrx_word' id='word_1_103' title='bbox 395 1557 458 1595; x_wconf 93' lang='lat' dir='ltr'>Ne</span> <span class='ocrx_word' id='word_1_104' title='bbox 487 1569 564 1606; x_wconf 90' lang='lat' dir='ltr'>ego</span> <span class='ocrx_word' id='word_1_105' title='bbox 593 1569 721 1594; x_wconf 87' lang='lat' dir='ltr'>essem</span> <span class='ocrx_word' id='word_1_106' title='bbox 747 1554 813 1593; x_wconf 91' lang='lat' dir='ltr'>hic</span> <span class='ocrx_word' id='word_1_107' title='bbox 833 1555 1011 1593; x_wconf 82' lang='lat' dir='ltr'>libenter</span> <span class='ocrx_word' id='word_1_108' title='bbox 1030 1559 1155 1606; x_wconf 86' lang='lat' dir='ltr'>atque</span> <span class='ocrx_word' id='word_1_109' title='bbox 1174 1553 1217 1592; x_wconf 88' lang='lat' dir='ltr'>id</span> <span class='ocrx_word' id='word_1_110' title='bbox 1237 1554 1386 1592; x_wconf 83' lang='lat' dir='ltr'>cotidie</span> <span class='ocrx_word' id='word_1_111' title='bbox 1406 1556 1547 1606; x_wconf 79' lang='lat' dir='ltr'>magis,</span> 
     </span>
    </p>
   </div>
   <div class='ocr_carea' id='block_1_11' title="bbox 63 1617 1547 1681">
    <p class='ocr_par' dir='ltr' id='par_1_11' title="bbox 63 1617 1547 1681">
     <span class='ocr_line' id='line_1_17' title="bbox 63 1617 1547 1681; baseline -0.001 -12"><span class='ocrx_word' id='word_1_112' title='bbox 63 1618 122 1655; x_wconf 75' lang='lat' dir='ltr'>VI</span> <span class='ocrx_word' id='word_1_113' title='bbox 137 1617 186 1655; x_wconf 82' lang='grc' dir='ltr'>Κ·</span> <span class='ocrx_word' id='word_1_114' title='bbox 207 1617 305 1655; x_wconf 62' lang='lat'><em>30²¹·</em></span> <span class='ocrx_word' id='word_1_115' title='bbox 340 1633 381 1668; x_wconf 89' lang='lat' dir='ltr'>ni</span> <span class='ocrx_word' id='word_1_116' title='bbox 420 1635 528 1668; x_wconf 89' lang='lat' dir='ltr'>esset</span> <span class='ocrx_word' id='word_1_117' title='bbox 565 1643 614 1668; x_wconf 88' lang='lat' dir='ltr'>ea</span> <span class='ocrx_word' id='word_1_118' title='bbox 650 1643 780 1677; x_wconf 89' lang='lat' dir='ltr'>causa,</span> <span class='ocrx_word' id='word_1_119' title='bbox 818 1642 940 1681; x_wconf 88' lang='lat' dir='ltr'>quam</span> <span class='ocrx_word' id='word_1_120' title='bbox 977 1629 1053 1668; x_wconf 88' lang='lat' dir='ltr'>tibi</span> <span class='ocrx_word' id='word_1_121' title='bbox 1091 1629 1361 1681; x_wconf 84' lang='lat' dir='ltr'>superioribus</span> <span class='ocrx_word' id='word_1_122' title='bbox 1399 1628 1547 1668; x_wconf 88' lang='lat' dir='ltr'>litteris</span> 
     </span>
    </p>
   </div>
   <div class='ocr_carea' id='block_1_12' title="bbox 57 1673 1546 1754">
    <p class='ocr_par' dir='ltr' id='par_1_12' title="bbox 57 1673 1546 1754">
     <span class='ocr_line' id='line_1_18' title="bbox 57 1673 1546 1754; baseline -0.002 -11"><span class='ocrx_word' id='word_1_123' title='bbox 57 1686 90 1710; x_wconf 71' lang='grc' dir='ltr'>α’</span> <span class='ocrx_word' id='word_1_124' title='bbox 114 1673 194 1711; x_wconf 72' lang='lat'>709</span> <span class='ocrx_word' id='word_1_125' title='bbox 341 1706 491 1754; x_wconf 85' lang='lat' dir='ltr'>scripsi.</span> <span class='ocrx_word' id='word_1_126' title='bbox 551 1702 663 1740; x_wconf 92' lang='lat' dir='ltr'>Nihil</span> <span class='ocrx_word' id='word_1_127' title='bbox 700 1702 776 1741; x_wconf 89' lang='lat' dir='ltr'>hac</span> <span class='ocrx_word' id='word_1_128' title='bbox 814 1702 1034 1741; x_wconf 81' lang='lat' dir='ltr'>solitudine</span> <span class='ocrx_word' id='word_1_129' title='bbox 1071 1702 1300 1750; x_wconf 90' lang='lat' dir='ltr'>iucundius,</span> <span class='ocrx_word' id='word_1_130' title='bbox 1336 1704 1413 1740; x_wconf 86' lang='lat' dir='ltr'>nisi</span> <span class='ocrx_word' id='word_1_131' title='bbox 1449 1715 1546 1753; x_wconf 88' lang='lat' dir='ltr'>pau-</span> 
     </span>
    </p>
   </div>
   <div class='ocr_carea' id='block_1_13' title="bbox 341 1775 1548 1902">
    <p class='ocr_par' dir='ltr' id='par_1_13' title="bbox 341 1775 1548 1902">
     <span class='ocr_line' id='line_1_19' title="bbox 341 1775 1548 1829; baseline 0.001 -14"><span class='ocrx_word' id='word_1_132' title='bbox 341 1778 426 1816; x_wconf 91' lang='lat' dir='ltr'>lum</span> <span class='ocrx_word' id='word_1_133' title='bbox 445 1776 747 1828; x_wconf 80' lang='lat' dir='ltr'>interpellasset</span> <span class='ocrx_word' id='word_1_134' title='bbox 766 1776 971 1828; x_wconf 86' lang='lat' dir='ltr'>Amyntae</span> <span class='ocrx_word' id='word_1_135' title='bbox 992 1776 1105 1815; x_wconf 85' lang='lat' dir='ltr'>filius.</span> <span class='ocrx_word' id='word_1_136' title='bbox 1160 1775 1212 1815; x_wconf 84' lang='grc' dir='ltr'><strong>Ὦ</strong></span> <span class='ocrx_word' id='word_1_137' title='bbox 1231 1776 1548 1829; x_wconf 75' lang='grc' dir='ltr'>ἀπεραντολογίας</span> 
     </span>
     <span class='ocr_line' id='line_1_20' title="bbox 341 1848 1545 1902; baseline -0.002 -12"><span class='ocrx_word' id='word_1_138' title='bbox 341 1851 495 1902; x_wconf 75' lang='grc' dir='ltr'>ἀηδοῦςέ</span> <span class='ocrx_word' id='word_1_139' title='bbox 553 1850 700 1888; x_wconf 83' lang='lat' dir='ltr'>Cetera</span> <span class='ocrx_word' id='word_1_140' title='bbox 735 1849 819 1888; x_wconf 90' lang='lat' dir='ltr'>noli</span> <span class='ocrx_word' id='word_1_141' title='bbox 856 1855 1000 1901; x_wconf 83' lang='lat' dir='ltr'>putare</span> <span class='ocrx_word' id='word_1_142' title='bbox 1038 1849 1271 1888; x_wconf 83' lang='lat' dir='ltr'>amabiliora</span> <span class='ocrx_word' id='word_1_143' title='bbox 1308 1848 1393 1887; x_wconf 86' lang='lat' dir='ltr'>fieri</span> <span class='ocrx_word' id='word_1_144' title='bbox 1431 1861 1545 1900; x_wconf 89' lang='lat' dir='ltr'>posse</span> 
     </span>
    </p>
   </div>
   <div class='ocr_carea' id='block_1_14' title="bbox 342 1996 1545 2075">
    <p class='ocr_par' dir='ltr' id='par_1_14' title="bbox 342 1996 1545 2075">
     <span class='ocr_line' id='line_1_21' title="bbox 342 1996 1545 2075; baseline -0.002 -43"><span class='ocrx_word' id='word_1_145' title='bbox 342 1998 395 2075; x_wconf 83' lang='lat' dir='ltr'>M¹</span> <span class='ocrx_word' id='word_1_146' title='bbox 419 1998 542 2075; x_wconf 49' lang='lat' dir='ltr'>(gicero</span> <span class='ocrx_word' id='word_1_147' title='bbox 568 1997 702 2032; x_wconf 81' lang='lat' dir='ltr'>wished</span> <span class='ocrx_word' id='word_1_148' title='bbox 727 2001 766 2031; x_wconf 73' lang='lat' dir='ltr'>to</span> <span class='ocrx_word' id='word_1_149' title='bbox 793 1998 879 2031; x_wconf 84' lang='lat' dir='ltr'>send</span> <span class='ocrx_word' id='word_1_150' title='bbox 907 1998 977 2030; x_wconf 88' lang='lat' dir='ltr'>him</span> <span class='ocrx_word' id='word_1_151' title='bbox 1007 2002 1046 2031; x_wconf 82' lang='lat' dir='ltr'>to</span> <span class='ocrx_word' id='word_1_152' title='bbox 1067 1998 1205 2030; x_wconf 81' lang='lat' dir='ltr'>Athens</span> <span class='ocrx_word' id='word_1_153' title='bbox 1229 1997 1317 2030; x_wconf 75' lang='lat' dir='ltr'>with</span> <span class='ocrx_word' id='word_1_154' title='bbox 1342 1996 1381 2030; x_wconf 84' lang='lat' dir='ltr'>L.</span> <span class='ocrx_word' id='word_1_155' title='bbox 1408 1996 1545 2030; x_wconf 72' lang='lat' dir='ltr'>Tunius</span> 
     </span>
     <span class='ocr_line' id='line_1_22' title="bbox 382 2053 543 2075; baseline 0.006 -1"><span class='ocrx_word' id='word_1_156' title='bbox 382 2054 424 2075; x_wconf 81' lang='grc' dir='ltr'>ΟΠ</span> <span class='ocrx_word' id='word_1_157' title='bbox 446 2053 543 2075; x_wconf 62' lang='lat' dir='ltr'>{lenus-</span> 
     </span>
    </p>
   </div>
   <div class='ocr_carea' id='block_1_15' title="bbox 340 2084 1545 2168">
    <p class='ocr_par' dir='ltr' id='par_1_15' title="bbox 340 2084 1545 2168">
     <span class='ocr_line' id='line_1_23' title="bbox 340 2084 1545 2168; baseline 0 -50"><span class='ocrx_word' id='word_1_158' title='bbox 340 2085 395 2168; x_wconf 68' lang='lat'>20²</span> <span class='ocrx_word' id='word_1_159' title='bbox 418 2086 471 2119; x_wconf 63' lang='lat'>22⁶.</span> <span class='ocrx_word' id='word_1_160' title='bbox 502 2085 571 2118; x_wconf 88' lang='lat' dir='ltr'>will</span> <span class='ocrx_word' id='word_1_161' title='bbox 594 2085 637 2118; x_wconf 84' lang='lat' dir='ltr'>he</span> <span class='ocrx_word' id='word_1_162' title='bbox 660 2086 809 2128; x_wconf 80' lang='lat' dir='ltr'>appoint</span> <span class='ocrx_word' id='word_1_163' title='bbox 832 2085 894 2118; x_wconf 76' lang='lat' dir='ltr'>the</span> <span class='ocrx_word' id='word_1_164' title='bbox 918 2086 1143 2129; x_wconf 74' lang='lat' dir='ltr'>magistrates</span> <span class='ocrx_word' id='word_1_165' title='bbox 1167 2085 1203 2117; x_wconf 88' lang='lat' dir='ltr'>in</span> <span class='ocrx_word' id='word_1_166' title='bbox 1230 2084 1339 2127; x_wconf 86' lang='lat' dir='ltr'>Spain</span> <span class='ocrx_word' id='word_1_167' title='bbox 1354 2094 1395 2117; x_wconf 86' lang='grc' dir='ltr'>οι·</span> <span class='ocrx_word' id='word_1_168' title='bbox 1410 2084 1461 2118; x_wconf 81' lang='lat' dir='ltr'>let</span> <span class='ocrx_word' id='word_1_169' title='bbox 1483 2084 1545 2118; x_wconf 81' lang='lat' dir='ltr'>the</span> 
     </span>
    </p>
   </div>
  </div>
 </body>
</html>
