1572 2378
81 1584 159 1621 Scr.
179 1583 218 1620 in

590 146 672 183 MA
681 145 818 184 RCUS
851 143 1097 183 TULLIUS
1135 143 1335 183 CICERO

357 236 467 272 enim
485 246 647 271 omnem
667 238 739 271 aut
756 235 992 271 restinxerit
1010 237 1082 270 aut
1099 232 1260 271 sedarit.
1314 231 1421 270 Sunt
1437 233 1560 279 enim,

357 299 426 348 qui
445 296 663 347 loquantur
688 298 812 334 etiam
839 308 1011 334 mecum.
1069 294 1152 334 Sed
1170 294 1272 333 haec
1289 297 1376 346 ipse
1393 296 1561 346 optime,

357 361 595 410 praesertim
613 361 647 397 si
666 361 790 397 etiam
809 364 947 397 tecum
965 358 1164 410 loquetur.
1482 353 1485 355 ’

412 423 517 461 Mihi
549 428 614 461 est
642 425 686 460 in
718 425 853 460 animo
884 422 1080 473 proficisci
1110 434 1148 460 xx
1182 421 1271 459 Kal.
1339 421 1423 460 Hic
1452 423 1562 460 enim

357 485 460 523 nihil
478 485 622 532 habeo,
641 484 750 537 quod
768 498 898 536 agam,
919 497 972 522 ne
992 483 1158 523 hercule
1182 483 1265 522 illic
1292 484 1458 536 quidem
1485 497 1563 523 nec

359 562 540 600 usquam,
559 548 631 587 sed
650 554 790 587 tamen
807 547 960 599 aliquid
982 547 1075 586 illic.
1135 546 1273 585 Hodie
1302 547 1562 598 Spintherem

359 617 561 662 exspecto.
621 611 736 649 Misit
765 613 875 649 enim
906 611 1055 649 Brutus
1083 609 1135 648 ad
1164 623 1243 650 me.
1301 609 1379 649 Per
1406 610 1564 649 litteras

359 681 508 726 purgat
535 674 748 713 Caesarem
776 673 829 712 de
857 676 1027 712 interitu
1056 673 1265 720 Marcelli;
1292 675 1335 712 in
1357 686 1493 725 quem,
1510 686 1564 712 ne

358 741 391 776 si
419 737 574 776 insidiis
601 736 767 789 quidem
794 735 864 774 ille
892 735 1134 775 interfectus
1161 741 1282 784 esset,
1300 735 1466 774 caderet
1483 735 1566 775 ulla

358 803 541 852 suspicio.
600 800 721 838 Nunc
740 812 848 847 vero,
868 813 958 837 cum
983 799 1036 838 de
1061 799 1198 850 Magio
1226 804 1402 848 constet,
1428 812 1565 838 nonne

359 864 470 902 furor
488 866 574 902 eius
593 876 755 902 causam
772 876 936 901 omnem
965 864 1167 900 sustinet?
1225 861 1363 910 Plane,
1381 862 1480 914 quid
1498 865 1562 910 sit,

360 940 442 971 non
460 926 669 978 intellege.
727 925 973 976 Explanabis
995 928 1131 976 igitur.
1189 924 1445 977 Quamquam
1463 924 1564 964 nihil

360 991 503 1038 habeo,
533 989 642 1042 quod
673 988 872 1036 dubitem,
904 991 995 1036 nisi,
1024 991 1102 1039 ipsi
1135 988 1274 1040 Magio
1305 1001 1409 1040 quae
1441 987 1566 1028 fuerit

361 1066 479 1092 causa
497 1054 725 1098 amentiae3
753 1065 827 1103 pro
846 1064 926 1103 quo
945 1050 1111 1103 quidem
1139 1053 1264 1090 etiam
1292 1064 1460 1103 sponsor
1476 1064 1565 1091 sum

361 1118 502 1155 factus.
560 1115 616 1155 Et
647 1117 838 1153 nimirum
871 1114 911 1153 id
945 1113 1035 1153 fuit.
1094 1113 1299 1153 Solvendo
1336 1118 1447 1154 em'm
1482 1128 1566 1154 non

361 1185 459 1219 erat.
508 1178 638 1217 Credo
657 1191 752 1217 eum
770 1180 921 1229 petisse
941 1191 965 1215 a
986 1176 1181 1216 Marcello
1198 1177 1366 1230 aliquid,
1380 1182 1425 1217 et
1438 1177 1566 1227 illum,

361 1248 408 1281 ut
428 1247 528 1290 erat,
547 1244 802 1280 constantius
821 1240 1088 1292 respondisse.

937 1414 995 1452 XI

759 1507 898 1533 menno
928 1506 1069 1532 ATTICO
1098 1507 1174 1532 SAL.

420 1580 514 1616 “01³1
538 1578 675 1615 ταύτὸν
704 1575 836 1616 εἶδος.”
895 1573 1121 1611 Credebam
1150 1586 1238 1612 esse
1264 1572 1407 1620 facile;
1434 1579 1568 1613 totum

83 1636 258 1689 Arpinati
287 1636 346 1673 IX
366 1646 430 1679 est
457 1639 580 1686 aliud,
609 1643 872 1690 posteaquam
891 1650 979 1675 sum
998 1650 1022 1674 a
1041 1642 1083 1674 te
1103 1637 1330 1675 diiunctior.
1389 1636 1472 1676 Sed
1490 1635 1569 1676 fuit

84 1692 131 1730 K·
154 1691 279 1735 ΘΗΜ·
301 1704 336 1728 a·
366 1702 610 1749 faciendum,
625 1706 673 1740 ut
686 1706 731 1739 et
744 1701 1034 1738 constituerem
1048 1699 1300 1738 mercedulas
1314 1699 1568 1751 praediorum

86 1747 162 1785 709

366 1771 411 1805 et
428 1778 482 1804 ne
501 1777 694 1816 magnum
713 1776 814 1802 onus
832 1763 1111 1801 observantiae
1138 1762 1264 1801 Bruto
1285 1767 1424 1801 nostro
1441 1765 1569 1814 impo-

367 1842 518 1868 nerem.
576 1826 748 1866 Posthac
777 1828 886 1864 enim
914 1828 1136 1876 poterimus
1163 1824 1412 1863 commodius
1436 1824 1569 1864 colere

366 1895 474 1930 inter
500 1903 573 1929 nos
601 1893 644 1928 in
671 1888 909 1928 Tusculano.
971 1888 1063 1926 Hoc
1090 1892 1229 1926 autem
1255 1892 1454 1939 tempore,
1476 1900 1568 1926 cum

410 1989 421 2010 ¹
444 1990 477 2023 A
492 1988 680 2033 quotation
696 1987 787 2021 from
803 1987 1003 2030 Euripides,
1023 1987 1100 2026 Ion,
1118 1988 1183 2020 585
1199 2001 1250 2020 :—

604 2042 641 2074 οὐ
656 2041 778 2073 ταύτὸν
793 2040 877 2073 εἶδος
893 2038 1042 2081 φαίνεται
1057 2042 1123 2071 τῶν
1138 2038 1350 2082 πραγμάτων,

605 2084 772 2126 πρόσωθεν
789 2083 892 2117 ὄντων
908 2083 1047 2125 ἔγγνθέν
1063 2085 1090 2115 θ’
1106 2084 1282 2126 ὁρωμένων.

371 2129 445 2170 126
