1572 2378
69 505 148 546 Ser.
173 506 211 545 in
245 506 338 545 Tus-

70 561 201 599 culano
227 561 261 599 V
262 562 283 599 Ι
287 562 309 599 l

70 621 134 653 aut
161 615 195 653 V
195 616 217 653 I
237 616 293 655 Id.

584 175 810 214 MARCUS
847 176 1091 217 TULLIUS
1129 178 1330 218 CICERO

753 434 893 460 elctno
921 435 1063 461 A'r'rxco
1091 436 1168 464 SAL.

413 508 558 547 Itane?
588 513 751 548 nuntiat
768 510 915 550 Brutus
929 511 1250 552 illumadbonos
1265 515 1396 553 viros?
1436 518 1561 570 Εὔαγ-

354 580 473 626 γέλια.
532 579 614 618 Sed
645 581 715 619 ubi
745 583 841 620 eos?
881 585 958 621 nisi
987 583 1093 622 forte
1123 597 1167 623 se
1196 586 1420 636 suspendit.
1478 588 1560 626 Hic

69 669 166 708 Sext·
191 683 225 708 a·
261 672 337 710 709
353 655 504 698 autem,
523 655 572 689 ut
589 651 781 690 stultuml
803 658 876 691 est.
938 654 1018 693 Ubi
1038 657 1162 706 igitur
1181 657 1441 710 φιλοτέχνημα
1458 657 1558 696 illud

353 726 483 769 tuum,
503 722 612 774 quod
631 723 714 761 vidi
734 726 776 761 in
798 724 1070 774 Parthenone,
1089 726 1262 765 Ahalam
1287 733 1331 766 et
1360 727 1558 768 Brutum?

353 791 435 831 Sed
454 793 552 844 quid
571 793 720 833 faciat?
778 795 885 834 Illud
911 800 1064 847 optime
1080 811 1089 836 :
1118 802 1144 820 “
1156 797 1236 836 Sed
1256 812 1309 837 ne
1328 802 1362 838 is
1380 799 1559 852 quidem,

351 866 422 915 qui
440 867 621 903 omnium
641 865 883 916 flagitiorum
901 874 1055 916 auctor,
1074 869 1181 907 bene
1199 869 1252 908 de
1271 870 1449 909 nostro.’'
1500 871 1558 910 At

352 947 430 985 ego
462 936 641 983 verebar,
674 950 727 975 ne
761 940 885 976 etiam
924 939 1072 978 Brutus
1111 953 1204 978 eum
1241 940 1456 993 diligerem
1500 945 1557 982 ita

352 1009 461 1044 enim
499 1007 744 1058 significarat
789 1011 837 1047 iis
883 1009 1045 1058 litteris,
1080 1024 1178 1063 quas
1223 1011 1276 1050 ad
1313 1025 1403 1052 me:
1442 1013 1558 1052 “Ast

352 1076 499 1115 vellem
527 1078 680 1130 aliquid
702 1079 960 1131 degustasses
986 1081 1039 1120 de
1067 1081 1252 1122 fabulis.”
1309 1082 1391 1122 Sed
1410 1096 1555 1132 coram,

351 1152 398 1186 ut
416 1148 565 1188 scribis.

404 1219 493 1258 Etsi
529 1221 628 1272 quid
665 1224 720 1260 mi
758 1228 898 1261 auctor
935 1225 1008 1262 es?
1052 1224 1250 1264 advolone
1290 1239 1344 1264 an
1382 1229 1555 1266 maneo?

351 1291 551 1344 Equidem
581 1298 625 1332 et
653 1293 698 1331 in
728 1294 839 1333 libris
877 1294 1024 1333 haereo
1054 1300 1099 1334 et
1127 1295 1242 1334 illum
1273 1296 1339 1335 hic
1368 1300 1554 1350 excipere

350 1363 467 1409 nolo;
495 1363 546 1401 ad
566 1377 702 1415 quem,
717 1370 764 1403 ut
777 1365 909 1413 audio,
925 1372 1042 1416 pater
1056 1366 1177 1405 hodie
1192 1367 1245 1406 ad
1260 1367 1363 1407 Saxa
1375 1369 1554 1408 summa²

347 1436 573 1473 acrimonia.
632 1435 781 1473 Mirum
801 1449 920 1487 quam
939 1440 1124 1475 inimicus
1144 1439 1240 1485 ibat,
1260 1443 1307 1477 ut
1326 1452 1404 1490 ego
1421 1441 1554 1479 obiur-

348 1518 498 1555 garem.
557 1505 638 1544 Sed
669 1520 746 1557 ego
778 1510 863 1558 ipse
894 1509 1146 1559 κεκέπφωμαι.
1206 1509 1349 1561 Itaque
1373 1511 1551 1561 posthac,

349 1575 411 1614 Tu
447 1581 586 1615 tamen
614 1577 719 1625 vide,
749 1578 847 1629 quid
875 1578 928 1617 de
956 1579 1136 1618 adventu
1174 1593 1265 1619 meo
1303 1594 1481 1630 censeas,
1509 1587 1555 1623 et

348 1648 395 1686 τὰ
413 1648 497 1695 ὅλα,
530 1660 616 1686 eras
653 1651 687 1686 si
716 1651 890 1700 perspici
922 1653 1145 1700 potuerint,
1174 1664 1293 1690 mane
1330 1655 1470 1691 statim
1505 1659 1554 1694 ut

347 1731 480 1758 sc1am.

434 1805 446 1825 ¹
467 1806 620 1839 stultum
642 1807 820 1840 Tumtall:
845 1807 977 1841 fultum
993 1807 1116 1843 MSS:
1140 1809 1286 1843 rutilum
1300 1810 1464 1847 Schmidt.
1526 1802 1531 1808 ⁸

432 1848 447 1869 ²
468 1860 605 1882 summa
621 1850 770 1884 inserted
786 1851 828 1893 by
844 1851 1010 1885 Schmidt.

349 1913 404 1960 -1
427 1938 502 1971 The
519 1940 544 1957 “
556 1939 759 1972 Parthenon
772 1940 791 1955 ”
808 1950 879 1973 was
896 1940 1069 1984 probably
1084 1941 1147 1975 the
1162 1953 1264 1976 name
1279 1942 1317 1976 of
1339 1943 1402 1977 the
1417 1943 1551 1989 library

345 1982 382 2015 in
410 1981 554 2015 Brutus’
579 1983 696 2017 house.
746 1983 948 2028 According
971 1988 1011 2018 to
1034 1985 1156 2029 Nepos
1185 1986 1273 2028 (Aa.
1305 1988 1372 2029 18),
1403 1989 1550 2023 Atticm

349 2155 424 2196 190
