1546 2378
544 186 583 222 M
592 185 769 224 ARCUS
808 185 1053 226 TULLIUS
1092 186 1296 227 CICERO

367 272 490 321 Quod
519 285 587 311 me
615 275 660 310 in
690 272 822 311 forum
853 286 983 322 vocas,
1012 287 1062 313 eo
1094 287 1226 322 vocas,
1255 275 1366 315 unde
1394 279 1516 316 etiam

312 335 428 374 bonis
456 338 557 374 meis
583 335 705 374 rebus
736 335 954 387 fugiebam.
1011 335 1122 384 Quid
1157 340 1267 377 enim
1298 338 1400 378 mihi
1429 338 1517 379 foro

312 401 398 436 sine
427 397 599 445 iudiciis,
626 400 714 437 sine
742 401 864 446 curia,
893 402 934 437 in
963 400 1100 440 oculos
1128 402 1428 442 incurrentibus
1454 404 1515 450 iis,

311 475 410 513 quos
429 474 559 512 aequo
577 463 712 499 animo
731 461 870 500 videre
890 475 972 500 non
991 465 1182 513 possum?
1238 464 1360 512 Quod
1377 470 1515 505 autem

310 539 334 562 a
352 537 418 563 me
438 524 622 562 homines
642 524 846 575 postulare
869 526 1008 564 scribis
1026 531 1074 565 ut
1102 527 1254 566 Romae
1278 530 1353 566 sim
1380 541 1515 582 neque

310 587 408 625 mihi
429 593 475 625 ut
492 588 620 625 absim
649 587 905 635 concedere)
933 593 1005 627 aut
1022 589 1278 642 aliquatenus
1290 591 1306 616 ²
1325 603 1395 630 eos
1411 591 1512 631 mihi

309 650 547 697 concedere,
561 652 640 688 iam
655 650 815 701 pridem
833 653 935 690 scito
955 664 1059 700 esse,
1073 665 1165 692 cum
1181 666 1307 692 unum
1324 659 1369 693 te
1388 653 1514 706 pluris

309 726 429 764 quam
449 725 590 751 omnes
614 712 704 751 illos
730 718 883 764 putem.
942 713 1007 753 Ne
1025 728 1092 754 me
1112 716 1278 768 quidem
1297 722 1515 758 contemno

309 789 481 828 meoque
508 775 657 814 iudicio
681 776 812 814 multo
831 781 938 815 stare
957 777 1065 816 malo
1083 792 1204 831 quam
1222 782 1404 820 omnium
1421 781 1514 822 reli-

308 851 490 889 quorum.
553 838 698 890 Neque
735 843 876 878 tamen
912 840 1149 891 progredior
1184 841 1357 894 longius,
1393 856 1513 896 quam

307 900 407 938 mihi
435 900 656 939 doctissimi
683 900 867 940 homines
892 902 1147 949 concedunt3
1175 917 1347 956 quorum
1365 908 1514 958 scripta

306 965 453 1011 omnia,
468 976 748 1014 quaecumque
767 969 865 1002 sunt
883 966 926 1002 in
945 977 1035 1003 eam
1053 969 1316 1015 sententiam,
1332 981 1415 1007 non
1430 969 1512 1022 legi

306 1026 448 1073 solum,
468 1025 576 1078 quod
597 1028 728 1077 ipsum
749 1032 838 1065 erat
856 1026 972 1066 fortis
990 1031 1160 1079 aegroti,
1179 1032 1363 1082 accipere
1385 1031 1514 1072 medi·

305 1091 450 1136 cinam,
469 1088 542 1128 sed
559 1091 603 1127 in
621 1101 714 1127 mea
733 1091 858 1128 etiam
878 1092 1027 1141 scripta
1049 1091 1253 1140 transtuli,
1272 1094 1380 1146 quod
1401 1100 1514 1136 certe

304 1150 455 1189 adflicti
475 1155 520 1190 et
536 1150 655 1190 fracti
673 1153 799 1189 animi
817 1164 900 1190 non
920 1151 1010 1191 fuit.
1069 1154 1134 1192 Ab
1154 1153 1216 1193 his
1234 1167 1301 1194 me
1323 1156 1513 1197 remediis

306 1213 388 1251 noli
408 1216 449 1251 in
469 1216 589 1252 istam
608 1214 771 1252 turbam
793 1227 947 1262 vocare,
967 1228 1021 1254 ne
1041 1216 1230 1255 recidam.

699 1449 840 1475 CICERO
870 1449 1009 1475 ATTICO
1038 1450 1080 1475 SA
1085 1451 1116 1476 L.

19 1510 96 1549 Scr.
127 1511 287 1549 Asturae
358 1509 423 1548 De
452 1510 646 1548 Terentia
673 1510 782 1562 quod
809 1510 910 1548 mihi
937 1525 1058 1550 omne
1085 1525 1187 1550 onus
1213 1515 1401 1565 imponis,
1428 1529 1508 1554 non

20 1565 56 1602 Χ
66 1565 100 1602 V
120 1565 165 1603 K·
192 1566 283 1617 Apr-
305 1586 504 1624 cognosco
523 1579 635 1611 tuam
655 1576 698 1610 in
716 1586 783 1611 me
801 1573 1113 1624 indulgentiam.
1170 1574 1255 1614 Ista
1279 1580 1389 1615 enim
1413 1585 1509 1618 sunt

18 1634 50 1657 “-
77 1622 153 1659 709
304 1639 391 1686 ipsa
409 1635 588 1683 vulnera,
607 1648 711 1688 quae
731 1649 813 1674 non
833 1649 995 1687 possum
1016 1642 1191 1676 tractare
1219 1641 1307 1678 sine
1332 1642 1509 1681 maximo

301 1701 469 1749 gemitu.
529 1698 742 1736 Moderare
767 1701 905 1750 igitur,
929 1712 1092 1751 quaeso,
1109 1706 1157 1739 ut
1175 1706 1303 1751 potes.
1362 1702 1508 1757 Neque

299 1764 409 1798 enim
428 1774 452 1798 a
470 1766 515 1799 te
536 1760 640 1812 plus,
665 1773 787 1812 quam
816 1766 946 1812 potes,
975 1762 1146 1813 postulo.
1207 1763 1327 1803 Potes
1353 1771 1505 1815 autem,

297 1823 394 1874 quid
417 1826 498 1861 veri
519 1826 584 1871 sit,
604 1826 834 1874 perspicere
857 1829 903 1862 tu
931 1838 1045 1864 unus.
1105 1825 1169 1864 De
1201 1826 1351 1866 Rutilia
1377 1841 1504 1880 quon-

297 1889 374 1923 iam
406 1886 551 1924 videris
579 1886 779 1934 dubitare,
803 1887 954 1925 scribes
981 1887 1033 1925 ad
1061 1900 1140 1935 me,
1169 1901 1262 1927 cum
1289 1892 1404 1938 scies,
1432 1891 1504 1930 sed

296 1961 415 1999 quam
447 1952 634 1999 primum,
666 1954 710 1987 et
739 1962 838 1987 num
871 1949 1011 1988 Clodia
1046 1949 1096 1988 D.
1132 1950 1259 1990 Bruto
1293 1953 1504 2002 consulari,

297 2010 377 2049 filio
399 2023 482 2058 suo,
503 2016 663 2049 mortuo
690 2013 849 2051 vixerit.
908 2011 956 2050 Id
985 2012 1039 2051 de
1068 2012 1264 2052 Marcello
1291 2019 1365 2054 aut
1391 2021 1504 2056 certe

426 2080 440 2101 ¹
462 2084 505 2113 ut.
522 2081 654 2114 Romae
670 2107 677 2115 .
698 2106 707 2115 .
728 2106 736 2114 .
756 2081 947 2115 concedere
966 2083 1084 2116 added
1107 2083 1150 2124 by
1165 2083 1223 2116 old
1245 2084 1383 2119 editore.

424 2123 439 2144 ²
459 2125 684 2166 aliquatenus
700 2125 902 2159 Andrum:
926 2130 1102 2169 quatenus
1120 2127 1221 2160 MSS.

297 2168 346 2204 46
