1572 2378
29 1616 106 1655 Scr.
129 1630 167 1654 m

552 160 783 199 MARCUS
823 160 1066 199 TULLIUS
1105 161 1307 201 CICERO

324 247 441 285 facile
456 251 635 299 persuasi
650 248 750 285 mihi
765 247 820 296 id,
833 248 942 300 quod
957 254 1131 299 rogaret,
1147 262 1200 287 ne
1215 249 1338 288 licere
1353 250 1530 302 quidem,

323 326 403 350 non
423 313 545 351 modo
562 326 646 351 non
666 313 818 352 lubere.
877 313 1104 352 Antonium
1123 317 1156 352 si
1175 314 1326 362 videro,
1344 321 1530 355 accurate

322 392 440 430 agam
459 378 512 417 de
533 378 743 417 Buthroto.

377 443 508 482 Venio
521 444 573 482 ad
592 447 840 482 recentiores
859 444 1017 483 litteras
1031 457 1042 490 ;
1066 458 1310 497 quamquam
1324 445 1377 485 de
1393 446 1531 485 Servio

322 511 402 547 iam
429 511 626 560 rescripsi.
685 513 712 531 “
725 509 794 547 Me
815 509 949 548 facere
968 523 1158 561 magnam
1183 511 1317 562 πρᾶξιν
1345 511 1531 551 Dolabel-

321 574 423 612 lae.”
460 574 564 612 Mihi
584 574 818 613 mehercule
838 577 896 613 ita
914 575 1088 623 videtur,
1107 589 1191 614 non
1210 579 1388 627 potuisse
1405 580 1531 616 maior

322 639 394 678 tali
406 653 449 678 re
462 640 615 691 talique
629 645 825 691 tempore.
867 640 947 679 Sed
963 646 1115 689 tamen,
1127 641 1320 694 quicquid
1331 644 1370 681 ei
1383 643 1531 691 tribuo,

322 706 457 743 tribuo
480 718 531 743 ex
553 707 634 744 tuis
655 705 815 744 litteris.
873 705 965 744 Tibi
986 719 1081 744 vero
1106 707 1313 746 adsentior
1339 710 1530 748 maiorem

322 772 456 823 πρᾶξιν
488 773 574 809 eius
606 771 706 818 fore,
740 774 773 809 si
810 771 923 819 mihi,
958 772 1067 823 quod
1099 772 1256 820 debuit,
1289 773 1528 813 dissolverit.

323 836 472 875 Brutus
498 836 620 875 velim
644 839 697 875 sit
720 836 906 875 Asturae.
966 836 1087 885 Quod
1116 843 1255 877 autem
1283 838 1423 878 laudas
1451 852 1531 888 me,

321 902 431 953 quod
450 901 552 939 nihil
572 907 669 940 ante
688 902 741 940 de
757 902 1010 953 profectione
1031 906 1290 952 constituam,
1304 917 1439 957 quam,
1452 907 1530 944 ista

321 981 401 1019 quo
430 980 595 1005 evasura
623 970 718 1012 sint,
744 968 894 1015 videro,
924 974 1039 1007 muto
1068 972 1326 1008 sententiam.
1386 970 1530 1023 Neque

321 1036 536 1084 quicquam
573 1038 713 1071 tamen
751 1039 861 1080 ante,
897 1047 1016 1086 quam
1053 1040 1098 1073 te
1130 1035 1280 1074 videro.
1350 1036 1529 1075 Atticam

321 1112 452 1137 meam
472 1101 622 1149 gratias
642 1099 742 1136 mihi
765 1113 887 1150 agere
911 1099 963 1138 de
987 1105 1116 1139 matre
1139 1101 1299 1152 gaudeo
1312 1115 1323 1148 ;
1351 1104 1416 1141 cui
1444 1105 1530 1155 qui-

320 1165 414 1202 dem
453 1177 531 1215 ego
568 1170 697 1202 totam
734 1165 871 1203 villam
908 1165 1135 1218 cellamque
1171 1167 1323 1206 tradidi
1359 1181 1530 1220 eamque

319 1231 548 1281 cogitabam
569 1243 591 1267 v
613 1230 709 1269 Idus
729 1231 878 1269 videre.
937 1231 998 1270 Tu
1021 1232 1186 1271 Atticae
1209 1232 1382 1271 salutem
1405 1233 1526 1273 dices.

320 1296 404 1333 Nos
428 1296 566 1333 Piliam
585 1296 806 1347 diligenter
825 1298 1041 1335 tuebimur.

761 1548 902 1574 CICERO
931 1549 1082 1575 ATTICO.

372 1616 408 1655 E
428 1617 673 1668 Pompeiano
692 1620 784 1655 navi
804 1619 997 1657 advectus
1022 1633 1108 1658 sum
1139 1622 1181 1658 in
1212 1620 1370 1659 Luculli
1397 1625 1523 1663 nostri

31 1670 234 1708 Pulfflllmo
266 1671 301 1707 V
317 1682 537 1734 hospitium
562 1696 599 1721 vi
626 1682 722 1722 Idus
747 1683 845 1722 hora
866 1684 953 1723 fere
977 1688 1112 1724 tertia.
1168 1686 1364 1737 Egressus
1385 1692 1522 1726 autem

31 1724 86 1762 ld.
110 1724 207 1762 Mai.
230 1740 265 1763 α.

31 1780 107 1817 710

315 1762 339 1786 e
366 1751 459 1787 navi
487 1751 626 1800 accepi
653 1754 744 1788 tuas
772 1750 942 1797 litteras,
972 1764 1070 1802 quas
1098 1756 1193 1791 tuus
1221 1752 1456 1792 tabellarius
1480 1755 1523 1791 in

314 1814 540 1852 Cumanum
559 1814 744 1853 attulisse
767 1815 979 1854 dicebatur
1000 1816 1127 1855 Nonis
1159 1818 1274 1856 Maiis
1301 1817 1427 1858 datas.
1484 1820 1520 1857 A

313 1880 483 1918 Lucullo
515 1881 711 1931 postridie
745 1880 888 1919 eadem
923 1881 1009 1920 fere
1043 1882 1141 1920 hora
1170 1886 1264 1922 veni
1297 1886 1340 1921 in
1375 1883 1521 1923 Puteo·

309 1945 458 1984 lanum.
519 1946 583 1984 Ibi
619 1949 758 1997 accepi
796 1946 895 1986 duas
933 1949 1138 1999 epistulas,
1175 1948 1345 1988 alteram
1379 1949 1520 1997 Nonis,

351 2051 363 2071 ¹
388 2050 502 2084 There
518 2051 548 2083 is
564 2062 586 2083 a
600 2051 685 2127 play
700 2062 745 2084 on
763 2051 824 2084 the
840 2051 969 2086 double
986 2064 1086 2087 sense
1102 2054 1139 2087 of
1154 2057 1277 2097 πρᾶξις,
1303 2056 1353 2096 (1)
1368 2054 1516 2099 exploit,

309 2094 356 2135 (2)
383 2095 545 2127 exaction
577 2106 598 2126 ο
645 2106 781 2138 money.
845 2096 921 2129 The
951 2108 1077 2141 money
1108 2098 1144 2131 in
1175 2099 1338 2142 question
1371 2109 1443 2132 wau
1471 2109 1516 2132 an

311 2141 388 2178 278
