1572 2378
64 669 142 707 Scr.
170 668 208 705 in
237 667 330 706 Tus-

585 161 812 200 MARCUS
851 162 1095 202 TULLIUS
1134 164 1334 203 CICERO

407 248 455 285 In
481 248 754 287 Tusculanum
783 250 918 298 hodie,
950 251 1104 290 Lanuvi
1133 266 1235 300 cras,
1260 253 1357 292 inde
1385 254 1557 293 Asturae

348 311 588 361 cogitabam.
640 311 764 351 Piliae
783 318 968 364 paratum
989 319 1053 353 est
1072 314 1306 367 hospitium,
1321 315 1394 356 sed
1408 315 1556 356 vellem

348 373 542 414 Atticam.
618 374 769 413 Verum
806 376 883 414 tibi
921 379 1099 427 ignosco.
1175 377 1359 427 Quarum
1396 382 1558 433 utrique

347 435 535 476 salutem.

921 511 984 549 111

745 602 886 628 clcERo
915 603 1057 629 ATTICO
1086 605 1165 633 sn..

401 667 661 719 Tranquillae
692 673 788 707 tuae
817 669 984 721 quidem
1014 670 1188 710 litterae.
1247 671 1369 720 Quod
1401 675 1558 712 utinm

63 722 196 761 culam)
217 721 252 759 V
268 722 329 760 Id·
349 730 524 769 diutius!
564 744 658 768 nam
692 731 842 770 Matius
875 745 992 783 posse
1025 734 1213 785 negabat.
1281 734 1389 781 Ecce
1418 739 1558 775 autem

65 777 157 830 Apr.
179 791 214 815 α.
239 777 317 817 710

349 798 569 832 structores
587 796 715 832 nostri
734 795 785 832 ad
806 794 1057 834 frumentum
1083 796 1269 847 profecti,
1297 811 1390 836 cum
1416 800 1558 838 inanes

348 856 564 903 redissent,
578 869 780 895 rumorem
799 857 991 897 adferunt
1008 872 1203 910 magnum
1223 859 1374 899 Romae
1392 860 1557 900 domum

346 918 399 957 ad
436 918 664 958 Antonium
703 919 954 959 frumentum
991 934 1112 960 omne
1156 925 1318 973 portari.
1395 924 1559 964 Πανικόν

347 986 484 1027 certe3
511 984 737 1033 scripsisses
757 985 877 1021 enim.
937 983 1160 1023 Corumbus
1189 985 1304 1023 Balbi
1331 985 1467 1025 nullus
1487 985 1558 1025 ad-

347 1044 438 1082 huc.
491 1044 567 1083 Est
585 1044 686 1082 mihi
706 1051 849 1084 notum
869 1059 1044 1093 nomen;
1072 1047 1204 1086 bellus
1223 1051 1333 1086 enim
1353 1061 1441 1087 esse
1459 1048 1558 1088 dici-

346 1112 415 1145 tur
432 1106 689 1147 architectus.

402 1170 468 1209 Ad
488 1171 784 1221 obsignandum
807 1177 852 1210 tu
876 1173 1083 1212 adhibitus
1102 1187 1183 1211 non
1203 1176 1291 1212 sine
1310 1187 1430 1213 causa
1447 1174 1558 1214 vide-

346 1235 410 1272 ris.
469 1232 624 1271 Volunt
653 1236 762 1271 enim
793 1248 866 1273 nos
896 1238 954 1273 ita
986 1241 1156 1287 putare;
1194 1239 1344 1284 nescio,
1375 1250 1447 1275 cur
1475 1250 1557 1276 non

345 1291 480 1334 animo
517 1308 677 1347 quoque
715 1300 906 1337 sentiant.
974 1298 1057 1337 Sed
1093 1298 1192 1351 quid
1230 1299 1332 1338 haec
1367 1299 1420 1338 ad
1456 1302 1557 1339 nos?

347 1358 528 1402 Odorare
556 1364 695 1397 tamen
725 1360 880 1399 Antoni
909 1361 1101 1408 διάθεσιν;
1134 1375 1257 1414 quem
1285 1362 1452 1414 quidem
1481 1375 1558 1415 ego

347 1421 557 1472 epularum
577 1424 705 1473 magis
725 1423 898 1461 arbitror
918 1427 1117 1463 rationem
1135 1424 1288 1464 habere
1307 1438 1429 1477 quam
1447 1428 1558 1478 quic-

347 1497 466 1536 quam
484 1485 580 1524 mali
600 1489 790 1537 cogitare.

400 1547 477 1596 Tu,
513 1551 546 1586 si
584 1549 682 1600 quid
720 1552 1016 1601 pragmaticum
1057 1550 1240 1594 habebis,
1277 1552 1454 1597 scribes;
1494 1554 1555 1590 sin

346 1613 493 1658 minus,
512 1610 651 1662 populi
671 1613 927 1662 ἐπισημασίαν
946 1617 990 1651 et
1007 1614 1223 1651 mimorum
1251 1612 1362 1652 dicta
1388 1617 1556 1666 perscri-

346 1674 444 1713 bito.
505 1673 628 1712 Piliae
648 1679 692 1713 et
711 1674 875 1713 Atticae
896 1674 1079 1715 salutem.

925 1800 983 1838 IV

742 1892 884 1918 menno
913 1893 1054 1918 ATTICO
1083 1893 1125 1918 SA
1131 1894 1160 1920 L.

60 1970 139 2009 Ser,
169 1969 331 2009 Lanuvii
401 1959 609 2012 Numquid
629 1965 747 2011 putas
762 1973 828 1998 me
845 1959 1028 1998 Lanuvi?
1076 1961 1134 1998 At
1149 1973 1226 2011 ego
1240 1965 1284 2000 te
1299 1963 1390 2000 istic
1404 1961 1553 2001 cotidie

66 2024 126 2061 IV
148 2025 203 2063 Id.
234 2027 326 2077 Apr.
345 2022 498 2074 aliquid
517 2025 610 2061 novi
628 2025 817 2074 suspicor.
876 2022 1055 2062 Tument
1083 2026 1258 2074 negotia.
1319 2024 1434 2074 Nam,
1461 2038 1552 2064 cum

59 2093 94 2118 a.
119 2080 196 2120 710

348 2084 512 2177 Meatius,
531 2085 627 2137 quid
648 2098 789 2124 censes
812 2086 998 2125 ceteros?
1054 2086 1256 2138 Equidem
1284 2085 1417 2135 doleo,
1445 2087 1552 2140 quod

348 2144 371 2178 2
404 2144 428 2178 O
