1572 2378
34 1570 113 1609 Scr.
135 1569 173 1608 in

548 159 775 199 MARCUS
812 158 1056 198 TULLIUS
1094 158 1294 197 CICERO

318 252 548 289 inimicitias
562 249 741 288 residere
756 252 799 287 in
814 248 975 286 familiis
989 250 1136 286 nostris
1149 247 1379 286 arbitretur.
1423 246 1522 284 Con-

320 314 435 351 tendi
454 326 546 352 cum
567 313 608 350 P.
631 311 784 359 Clodio,
803 324 896 349 cum
925 323 1002 361 ego
1031 309 1234 361 publicam
1260 322 1435 357 causam,
1452 308 1522 348 ille

318 390 431 414 suam
450 375 704 415 defenderet.
754 375 922 413 Nostras
942 376 1264 411 concertationes
1282 385 1346 411 res
1363 371 1523 423 publica

318 439 563 478 diiudicavit.
613 438 656 477 Si
676 441 844 485 viveret,
863 436 962 475 mihi
983 450 1075 474 cum
1095 435 1165 474 illo
1184 435 1296 473 nulla
1313 437 1524 474 contentio

318 506 396 541 iam
415 508 611 541 maneret.
660 501 811 549 Quare,
825 503 1014 552 quoniam
1031 499 1107 537 hoc
1125 512 1149 537 a
1167 512 1234 537 me
1253 500 1310 536 sic
1329 500 1448 549 petis,
1462 503 1522 547 ut,

317 579 422 618 quae
441 571 512 604 tua
530 570 712 617 potestas
731 569 808 611 est,
827 577 876 602 ea
893 576 1022 613 neges
1043 568 1087 600 te
1113 575 1180 600 me
1199 563 1327 600 invito
1345 574 1524 610 usurum,

319 642 445 681 puero
472 642 632 680 quoque
662 628 739 666 hoc
766 641 791 665 a
819 639 885 665 me
904 626 1033 673 dabis,
1052 628 1085 664 si
1104 626 1180 663 tibi
1205 624 1422 672 videbitur,
1440 637 1523 663 non

318 705 398 744 quo
416 696 488 730 aut
506 696 618 730 aetas
637 695 774 729 nostra
792 689 843 728 ab
863 688 970 727 illius
988 693 1126 727 aetate
1145 690 1360 740 quicquam
1374 687 1525 726 debeat

319 755 487 806 periculi
507 756 711 805 suspicari,
730 758 802 792 aut
820 752 998 804 dignitas
1026 765 1118 790 mea
1146 751 1269 790 ullam
1297 753 1524 790 contentio-

318 831 413 856 nem
433 819 684 864 extimescat,
700 816 773 855 sed
793 820 840 854 ut
857 820 1019 854 nosmet
1037 817 1112 865 ipsi
1133 817 1241 853 inter
1253 826 1327 852 nos
1340 816 1526 853 coniunc-

319 884 442 920 tiores
470 883 607 927 simus,
636 893 755 931 quam
784 878 917 917 adhuc
946 877 1104 916 fuimus.
1164 876 1526 928 Interpellantibus

319 946 429 982 enim
454 943 517 981 his
543 945 764 980 inimicitiis
795 944 951 979 animus
982 946 1076 979 tuus
1105 939 1207 978 mihi
1235 942 1364 991 magis
1393 941 1526 991 patuit

318 1020 438 1058 quam
458 1006 612 1045 domus.
670 1005 753 1044 Sed
772 1004 873 1042 haec
892 1004 1101 1042 hactenus.

376 1068 482 1107 Illud
509 1073 747 1107 extremum.
807 1067 907 1118 Ego,
927 1079 1031 1118 quae
1060 1072 1104 1104 te
1129 1065 1235 1104 velle
1261 1078 1449 1117 quaeque
1473 1065 1526 1104 ad

317 1138 362 1171 te
382 1134 589 1183 pertinere
611 1131 847 1177 arbitrabor,
867 1142 1029 1180 semper
1053 1132 1140 1167 sine
1165 1128 1248 1167 ulla
1271 1127 1527 1167 dubitatione

318 1208 474 1234 summo
500 1194 635 1233 studio
662 1193 816 1232 faciam.
877 1193 970 1231 Hoc
995 1192 1117 1230 velim
1142 1192 1216 1230 tibi
1246 1193 1408 1242 penitus
1436 1203 1527 1243 per-

282 1258 285 1260 ’
317 1257 496 1296 suadeas.

875 1380 975 1418 XIV

709 1482 848 1507 cxcERo
879 1481 1018 1507 ATTlco
1047 1481 1074 1508 8.
1108 1481 1144 1507 D.

376 1565 402 1583 “
415 1560 623 1598 Iteradum
644 1557 788 1597 eadem
806 1559 884 1596 ista
902 1556 1041 1595 mihi.”
1100 1556 1322 1595 Coronatus
1350 1555 1529 1604 Quintus

35 1624 242 1663 Puteolano
266 1638 302 1662 a.
321 1629 460 1663 noster
500 1622 719 1660 Parilibus!
787 1619 988 1659 Solusne?
1056 1619 1144 1658 Etsi
1182 1619 1296 1658 addis
1334 1618 1525 1657 Lamiam.

35 1678 202 1719 d.VK.

322 1686 443 1735 Quod
468 1685 646 1724 demiror
670 1683 886 1736 equidem:
915 1682 988 1722 sed
1006 1684 1108 1720 scire
1129 1684 1260 1733 cupio,
1284 1683 1354 1733 qui
1377 1680 1530 1720 fuerint

36 1732 134 1771 Μαί·
162 1746 196 1772 ⁰·
229 1734 306 1772 710
321 1750 412 1796 alii;
439 1761 684 1801 quamquam
711 1749 808 1785 satis
836 1748 918 1784 scio
946 1748 1024 1784 nisi
1051 1745 1278 1796 improbum
1306 1746 1524 1783 neminem.

322 1812 567 1864 Explanabis
589 1813 714 1862 igitur
734 1809 811 1848 hoc
830 1809 1079 1860 diligentius.
1138 1808 1226 1859 Ego
1253 1812 1393 1846 autem
1420 1820 1528 1856 casu,

322 1889 414 1914 cum
429 1875 633 1914 dedissem
647 1873 698 1912 ad
717 1878 761 1912 te
776 1873 933 1911 litteras
947 1885 986 1910 vl
1009 1871 1096 1910 Kal.
1114 1873 1210 1910 satis
1228 1870 1368 1909 multis
1382 1870 1526 1919 verbis,

320 1940 450 1978 tribus
476 1938 563 1977 fere
593 1937 698 1976 horis
726 1941 819 1987 post
842 1938 981 1987 accepi
1008 1940 1098 1973 tuas
1124 1940 1168 1973 et
1195 1936 1332 1984 magni
1359 1933 1525 1986 quidem

320 2001 521 2052 ponderis.
574 2001 715 2051 ltaque
731 2001 817 2036 ioca
830 2003 901 2036 tua
915 1997 1037 2050 plena
1051 1997 1286 2036 facetiarum
1302 1995 1356 2035 de
1370 1995 1525 2036 haeresi

317 2154 397 2190 252
