1572 2378
535 158 761 199 MARCUS
799 159 1044 200 TULLIUS
1082 162 1283 202 CICERO

797 299 1020 338 XXXVIII

703 399 843 424 CICERO
872 399 1013 425 ATTICO
1041 401 1119 426 SAL.

22 476 100 514 Scr.
123 474 162 513 in
195 474 290 513 Tus·
363 474 475 513 Ante
504 474 637 512 lucem
669 488 760 513 cum
790 476 1009 514 scriberem
1038 482 1179 514 contra
1211 478 1440 529 Epicureos,
1459 477 1510 516 de

22 529 256 622 W{Zn‘}V⁶ir⁰·
309 545 453 583 eodem
485 544 575 583 oleo
605 550 649 583 et
678 559 801 596 opera
833 549 991 584 exaravi
1022 549 1159 585 nescio
1189 548 1287 599 quid
1315 547 1369 586 ad
1396 553 1440 587 te
1470 553 1511 586 et

19 598 81 636 pn
110 613 119 622 .
182 597 240 622 on.

22 638 120 677 Sext·
144 652 180 677 a·
213 639 290 678 709
307 621 403 654 ante
421 615 556 654 lucem
574 615 681 655 dedi.
735 616 912 664 Deinde,
931 631 1023 655 cum
1041 631 1182 656 somno
1201 621 1378 670 repetito
1395 619 1509 658 simul

306 700 400 725 cum
435 686 520 725 sole
557 693 819 738 experrectus
856 701 999 735 essem,
1038 688 1159 727 datur
1195 692 1251 728 mi
1288 690 1462 741 epistula
1490 704 1512 728 a

306 760 451 796 sororis
482 763 580 797 tuae
611 757 707 806 filio,
737 772 857 810 quam
889 762 1016 810 ipsam
1050 760 1126 798 tibi
1156 763 1270 807 misi;
1309 764 1421 800 cuius
1451 767 1513 801 est

307 831 550 880 principium
578 842 661 867 non
692 831 780 869 sine
809 833 983 868 maxima
1013 831 1270 870 contumelia.
1328 832 1412 872 Sed
1434 831 1514 872 for-

307 906 415 939 tasse
452 902 519 941 οΰκ
555 901 774 950 ἐπέστησεν.
834 901 909 940 Est
940 907 1080 940 autem
1109 905 1189 942 sie:
1232 903 1360 955 “Ego
1391 906 1515 952 enim,

307 970 500 1023 quicquid
528 984 611 1008 non
639 971 746 1009 belle
768 974 812 1010 in
833 977 877 1011 te
901 972 980 1010 dici
1000 973 1230 1023 potest-—J'
1290 974 1410 1013 Posse
1429 974 1516 1014 vult

308 1044 351 1079 in
370 1055 436 1080 me
456 1041 585 1080 multa
602 1041 682 1079 dici
702 1055 783 1080 non
798 1042 920 1090 belle,
934 1043 1006 1081 sed
1023 1057 1070 1082 ea
1085 1057 1127 1082 se
1142 1049 1268 1095 negat
1281 1046 1512 1096 approbare.

313 1113 405 1151 Hoc
441 1115 656 1164 quicquam
694 1118 791 1164 pote
829 1115 1037 1164 inpurius?
1107 1114 1194 1152 Iam
1231 1120 1369 1154 cetera
1404 1116 1516 1168 leges

310 1183 420 1236 (misi
449 1187 559 1222 enim
590 1183 640 1221 ad
670 1183 732 1234 te)
770 1184 1057 1236 iudicabisque.
1117 1185 1232 1224 Bruti
1262 1189 1390 1225 nostri
1418 1190 1517 1227 coti-

311 1255 441 1292 dianis
472 1253 730 1305 adsiduisque
768 1254 966 1302 laudibus,
1005 1269 1103 1307 quas
1139 1257 1191 1294 ab
1228 1269 1277 1295 eo
1313 1257 1367 1296 de
1403 1258 1518 1297 nobis

313 1325 453 1364 haberi
498 1325 690 1376 permulti
737 1325 836 1363 mihi
882 1329 1234 1375 renuntiaverunt,
1271 1334 1518 1368 commotum

312 1400 435 1436 istum
462 1396 678 1448 aliquando
706 1399 910 1448 scripsisse
938 1398 1090 1449 aliquid
1109 1399 1160 1436 ad
1180 1412 1246 1437 me
1266 1399 1388 1438 credo
1406 1405 1451 1439 et
1467 1399 1518 1439 ad

313 1475 369 1516 te,
401 1468 525 1520 idque
549 1473 597 1506 ut
624 1471 747 1506 sciam
772 1467 906 1506 facies.
967 1469 1071 1505 Nam
1102 1469 1150 1506 ad
1185 1475 1342 1520 patrem
1371 1469 1424 1509 de
1453 1484 1520 1510 me

313 1540 411 1591 quid
439 1542 656 1590 scripserit,
682 1542 831 1586 neseio,
850 1538 903 1577 de
922 1544 1052 1577 matre
1075 1553 1195 1591 quam
1215 1541 1304 1591 pie!
1362 1544 1387 1563 “
1400 1541 1520 1581 Volu-

314 1611 461 1659 eram‚''
500 1614 646 1663 inquit,
685 1614 768 1649 “ut
803 1623 925 1662 quam
961 1611 1180 1662 plurimum
1210 1617 1347 1650 tecum
1377 1625 1521 1661 essem,

314 1683 485 1722 conduci
504 1682 603 1720 mihi
622 1682 787 1720 domum
813 1687 857 1720 et
884 1682 927 1720 id
954 1682 1006 1720 ad
1034 1688 1077 1721 te
1106 1685 1352 1734 scripseram.
1410 1684 1522 1737 Neg-

314 1756 460 1794 lexisti.
519 1754 583 1792 Ita
612 1757 746 1791 minus
775 1753 949 1792 multum
980 1767 1061 1792 una
1091 1756 1250 1794 erimus.
1310 1754 1415 1793 Nam
1444 1768 1522 1808 ego

313 1829 431 1864 istam
471 1825 636 1863 domum
674 1824 811 1862 videre
848 1837 931 1862 non
968 1837 1154 1875 possum;
1195 1838 1275 1876 qua
1305 1825 1359 1864 de
1391 1839 1522 1873 causa,

315 1897 430 1936 scis.''
490 1896 609 1934 Hanc
637 1901 775 1934 autem
804 1909 963 1935 causam
984 1902 1101 1948 pater
1119 1895 1257 1934 odium
1275 1899 1415 1936 matris
1434 1909 1521 1936 esse

314 1968 488 2008 dicebat.
538 1967 658 2005 Nunc
677 1980 742 2004 me
762 1969 865 2014 iuva,
886 1969 941 2004 mi
962 1967 1115 2014 Attice,
1135 1965 1314 2014 consilio,
1335 1967 1524 2019 “πότερον

315 2039 399 2092 δίκᾳ
425 2041 547 2091 τεῖχος
575 2037 721 2090 ὕψιον,”
752 2038 794 2076 id
823 2043 886 2076 est
914 2043 1050 2076 utrum
1076 2043 1219 2089 aperte
1242 2037 1447 2077 hominem
1466 2051 1523 2077 as-

319 2129 396 2172 186
