1572 2378
582 155 663 191 MA
673 155 808 194 RCUS
847 155 1091 194 TULLIUS
1130 155 1330 194 CICERO

349 255 452 294 quae
481 255 601 294 quarn
631 243 743 281 firma
772 243 1004 290 habeamus,
1024 246 1179 294 ignoro,
1198 245 1359 282 restitui
1387 242 1557 282 fortasse

348 313 531 358 possunt,
550 311 792 347 auctoritate
811 322 894 347 non
913 315 1092 360 possunt.

404 373 590 424 Epistula
608 375 749 422 brevis,
774 388 877 426 quae
897 380 1038 426 postea
1065 389 1088 412 a
1117 380 1160 413 te
1188 377 1337 426 scripta
1365 380 1438 422 est,
1460 387 1557 414 sane

348 438 449 476 mihi
474 438 553 478 fuit
574 439 750 477 iucunda
773 440 825 478 de
850 440 965 478 Bruti
983 439 1035 478 ad
1056 441 1282 478 Antonium
1311 446 1355 479 et
1378 440 1431 479 de
1454 442 1557 479 eius-

348 503 444 542 dem
479 503 533 542 ad
569 509 612 542 te
652 504 811 543 litteris.
881 504 1003 544 Posse
1034 505 1226 543 videntur
1257 518 1345 544 esse
1377 505 1554 552 meliora,

349 582 469 620 quam
496 569 630 608 adhuc
659 570 837 609 fuerunt.
895 570 977 609 Sed
1004 571 1131 618 nobis,
1157 571 1227 609 ubi
1254 573 1378 610 simus
1406 576 1451 610 et
1476 583 1557 624 quo

349 638 427 674 iam
445 649 555 674 nunc
575 649 648 675 nos
668 636 932 684 conferamus,
955 637 1251 688 providendum
1272 643 1344 676 est.

916 775 993 814 XV

745 871 885 897 cxcERo
915 870 1054 897 ATTICO
1083 872 1161 898 SAL.

62 942 139 982 Scr.
161 942 198 980 in
404 942 442 981 Ο
475 942 686 980 mirificum
721 941 976 980 Dolabellam
1009 942 1170 980 meum!
1209 945 1288 980 iam
1321 945 1431 981 enim
1463 943 1556 982 dico

43 1019 45 1021 ·
67 996 267 1058 Ρυῖξθῖαηθ
280 998 328 1036 Κ·
347 1020 509 1055 meum;
537 1014 670 1055 antea,
695 1008 816 1047 crede
842 1008 954 1055 mihi,
979 1008 1303 1047 subdubitabam.
1361 1009 1552 1061 Magnam

65 1050 159 1089 Μαι·
187 1065 221 1090 a·
255 1053 332 1092 710
347 1075 600 1126 ἀναθεώρησιν
627 1087 691 1113 res
710 1074 846 1122 habet,
869 1074 922 1112 de
941 1087 1047 1122 saxo,
1068 1076 1111 1112 in
1131 1087 1307 1123 crucem,
1325 1074 1553 1113 columnam

344 1140 502 1188 tollere,
524 1140 658 1179 locum
677 1140 792 1178 illum
811 1140 1079 1179 sternendum
1098 1140 1254 1179 locare!
1307 1140 1416 1188 Quid
1436 1154 1554 1193 quae-

345 1208 424 1244 ris?
454 1205 627 1244 heroica.
687 1206 906 1244 Sustulisse
934 1206 1034 1244 mihi
1065 1206 1226 1244 videtur
1253 1206 1552 1245 simulationem

342 1271 543 1318 desiderii,
566 1271 700 1310 adhuc
719 1284 823 1323 quae
852 1272 1042 1322 serpebat
1070 1274 1112 1308 in
1141 1271 1228 1310 dies
1256 1276 1301 1310 et
1325 1274 1551 1311 inveterata

344 1338 510 1376 verebar
547 1350 599 1375 ne
637 1337 862 1389 periculosa
899 1340 1046 1376 nostris
1087 1339 1393 1388 tyrannoctonis
1430 1343 1548 1376 esset.

345 1403 462 1441 Nunc
482 1416 642 1454 prorsus
661 1403 869 1441 adsentior
885 1405 967 1441 tuis
986 1402 1133 1441 litteris
1153 1415 1352 1454 speroque
1371 1403 1547 1442 meliora.

342 1467 598 1520 Quamquam
636 1471 734 1507 istos
771 1468 878 1507 ferre
916 1481 999 1506 non
1036 1481 1209 1519 possum,
1250 1471 1330 1520 qui,
1370 1467 1470 1507 dum
1506 1482 1550 1508 se

341 1547 482 1585 pacem
511 1534 615 1572 velle
645 1534 847 1581 simulant,
868 1539 959 1572 acta
987 1533 1141 1572 nefaria
1169 1533 1409 1574 defendunt.
1467 1533 1549 1574 Sed

340 1612 422 1637 non
455 1605 626 1651 possunt
658 1602 793 1637 omnia
825 1599 954 1637 simul.
1026 1599 1174 1650 Incipit
1206 1612 1270 1637 res
1303 1599 1448 1638 melius
1476 1603 1549 1647 ire,

340 1678 460 1716 quam
479 1670 675 1716 putaram.
736 1665 823 1703 Nec
842 1677 938 1703 vero
957 1665 1174 1711 discedam,
1197 1667 1274 1703 nisi
1293 1678 1385 1703 cum
1411 1670 1457 1703 tu
1481 1678 1548 1704 me

339 1730 380 1768 id
412 1730 584 1769 honeste
614 1730 776 1781 putabis
806 1730 940 1769 facere
971 1743 1099 1781 posse.
1159 1729 1285 1769 Bruto
1315 1735 1426 1769 certe
1455 1743 1548 1769 meo

338 1796 451 1834 nullo
474 1796 563 1834 loco
588 1795 725 1843 deero,
748 1796 883 1847 idque,
910 1798 1068 1834 etiamsi
1098 1795 1198 1834 mihi
1227 1809 1319 1834 cum
1347 1795 1417 1834 illo
1445 1795 1547 1834 nihil

336 1861 492 1908 fuisset,
524 1861 700 1899 facerem
734 1866 900 1912 propter
932 1864 1018 1900 eius
1051 1860 1298 1912 singularem
1330 1861 1546 1900 incredibi-

335 1926 499 1979 lemque
518 1929 723 1966 virtutem.

378 2046 392 2068 ¹
417 2047 450 2079 A
471 2046 611 2079 column
635 2045 776 2078 ereeted
802 2046 840 2078 in
865 2045 1002 2078 honour
1027 2044 1065 2077 of
1087 2044 1216 2078 Caesar
1238 2044 1287 2087 by
1307 2044 1368 2077 the
1392 2044 1543 2077 Pseudo-

338 2090 485 2124 Mariua.
535 2089 686 2123 Riotous
709 2089 988 2132 mass-meotingn
1011 2099 1103 2121 were
1127 2087 1209 2121 held
1231 2087 1345 2121 round.
1367 2087 1409 2128 it,
1428 2087 1498 2122 and
1513 2089 1545 2122 it

339 2139 417 2173 258
