1572 2378
44 1225 120 1262 Scr.
143 1225 181 1262 in

44 1280 187 1317 Antiati
219 1280 274 1318 Id.

46 1333 124 1371 lun.
159 1347 194 1372 a.

234 1335 311 1374 710

571 155 796 194 MARCUS
830 155 1074 194 TULLIUS
1112 156 1313 195 CICERO

338 248 475 281 tamen
503 243 621 280 velim
648 249 854 294 receptam
874 247 914 280 in
936 243 1056 281 fidem
1078 249 1189 282 tuam
1210 258 1232 281 a
1254 257 1402 296 meque
1422 247 1543 284 etiam

337 314 460 359 atque
481 311 603 346 etiam
624 311 698 346 tibi
719 309 1043 346 commendatam
1066 313 1308 348 auctoritate
1333 315 1376 348 et
1397 310 1545 349 auxilio

336 379 408 411 tuo
446 379 598 412 tectam
643 374 742 412 velis
786 387 884 413 esse.
962 374 1068 412 Satis
1106 378 1185 412 erit
1222 378 1263 412 in
1302 380 1543 426 perpetuum

338 439 560 478 Buthrotiis
590 440 793 491 praesidii,
821 454 1048 492 magnaque
1077 454 1172 479 cura
1200 446 1244 479 et
1271 441 1543 481 sollicitudine

336 505 521 543 Atticum
551 511 595 544 et
624 519 690 543 me
722 506 916 554 liberaris,
945 510 978 544 si
1010 507 1085 544 hoc
1119 506 1280 545 honoris
1312 509 1394 546 mei
1425 520 1544 547 eausa

334 574 569 621 susceperis,
591 577 637 609 ut
657 585 725 609 eos
744 584 905 622 semper
926 586 949 609 a
971 577 1014 610 te
1037 571 1227 610 defensos
1256 572 1365 611 velis.
1422 571 1542 622 Quod

334 643 381 675 ut
399 638 534 684 facias,
553 643 596 675 te
618 637 884 675 vehementer
904 640 1025 675 etiam
1047 643 1170 688 atque
1190 641 1314 676 etiam
1333 637 1469 689 rogo.”

392 703 466 740 His
499 703 648 741 litteris
680 706 839 753 scriptis
872 716 938 741 me
971 703 1021 740 ad
1056 703 1247 750 συντάξεις
1280 703 1400 749 dedi;
1437 716 1541 756 quae

332 769 496 819 quidem
525 782 666 807 vereor
694 782 746 806 ne
775 771 942 806 miniata
971 768 1106 806 cerula
1134 773 1205 806 tua.
1234 768 1414 819 pluribus
1442 768 1541 808 locis

329 834 533 872 notandae
557 836 649 872 sint.
712 834 774 870 Ita
802 847 890 871 sum
918 834 1099 885 μετέωρος
1130 839 1172 872 et
1202 837 1358 884 magnis
1387 837 1539 886 cogita-

330 901 508 937 tionibus
527 900 759 950 impeditus.

899 1056 974 1094 XV

726 1157 866 1181 menno
895 1156 1036 1181 A‘rrico
1065 1157 1143 1183 san.

384 1228 428 1267 L.
452 1230 632 1268 Antonio
652 1229 756 1267 male
777 1233 841 1276 sit,
862 1231 895 1267 si
914 1229 1078 1280 quidem
1101 1230 1323 1268 Buthrotiis
1341 1230 1536 1270 molestus

329 1298 414 1334 est!
472 1296 559 1346 Ego
585 1299 864 1334 testimouium
893 1300 1112 1347 composui,
1140 1297 1263 1348 quod,
1291 1311 1383 1336 cum
1411 1298 1534 1347 voles,

326 1363 617 1412 obsignabitur.
687 1363 882 1401 Nummos
921 1364 1192 1413 Arpinatium,
1230 1367 1263 1403 si
1302 1363 1346 1403 L.
1387 1364 1534 1405 Fadius

323 1428 464 1466 aedilis
499 1434 628 1478 petet,
664 1428 726 1466 vel
761 1442 901 1466 omnes
935 1429 1107 1467 reddito.
1178 1429 1264 1480 Ego
1296 1430 1348 1468 ad
1381 1436 1424 1469 te
1455 1431 1533 1470 alia

323 1494 496 1543 epistula
527 1497 665 1544 scripsi
697 1495 749 1532 de
784 1495 855 1532 HS
890 1499 950 1541 c-x‚
982 1508 1084 1546 quae
1119 1495 1250 1533 Statio
1282 1501 1531 1536 curarentur.

322 1558 363 1596 Si
385 1573 482 1610 ergo
501 1565 618 1610 petet
643 1560 800 1605 Fadius,
829 1563 865 1598 ei
895 1560 985 1597 volo
1013 1560 1142 1607 reddi,
1173 1565 1335 1610 ‘meter
1362 1561 1530 1601 Fadium

321 1628 485 1664 nemini.
545 1626 665 1676 Apud
688 1640 752 1663 nic
773 1627 880 1664 idem
903 1632 1002 1676 puto
1022 1626 1262 1677 depositum.
1323 1627 1372 1666 Id
1391 1631 1529 1680 scripsi

320 1691 368 1727 ud
396 1691 556 1728 Erotem
580 1698 624 1729 ut
646 1692 847 1731 redderet.

379 1758 571 1806 Reginam
603 1757 679 1796 odi.
741 1758 787 1795 Id
811 1771 876 1795 m:
898 1761 983 1797 iure
1005 1759 1136 1796 facere
1156 1762 1234 1797 scit
1251 1772 1419 1810 sponsor
1438 1773 1528 1811 pro-

318 1825 527 1860 missorum
553 1825 638 1860 eius
662 1823 914 1871 Ammonius,
943 1837 1046 1875 quae
1076 1823 1239 1875 quidem
1270 1830 1387 1862 erant
1416 1827 1527 1874 φιλό-

316 1889 416 1938 λογα
447 1892 490 1925 et
521 1887 733 1938 dignitatis
764 1902 892 1935 meae,
924 1895 970 1927 ut
1000 1889 1064 1928 vel
1095 1893 1137 1927 in
1168 1892 1358 1928 contione
1389 1891 1526 1931 dicere

316 1953 519 1990 aude-rem.
578 1954 701 1991 San-an
724 1959 873 1999 autem,
896 1959 1178 2006 praeterquam
1198 1954 1305 2006 quod
1326 1955 1525 1994 nefarium

318 2018 536 2064 hominem,
575 2022 744 2069 cognovi
784 2027 994 2069 praeterea
1033 2023 1074 2058 in
1117 2033 1184 2059 me
1230 2026 1523 2062 contumacem.

316 2082 453 2120 Semel
491 2096 584 2121 eum
622 2087 786 2121 omnino
820 2084 929 2123 domi
962 2098 1076 2123 meae
1112 2085 1205 2125 vidi.
1273 2085 1374 2124 Cum
1411 2088 1523 2136 φιλο·

318 2136 396 2173 336
