1572 2378
553 160 777 199 MARCUS
815 161 1059 200 TULLIUS
1097 162 1298 201 CICERO

846 301 1003 338 XLVII

718 393 857 417 CICERO
887 393 1026 418 ATTICO
1054 392 1134 419 SAL.

37 462 115 498 Scr.
141 459 289 498 Lanuvi
380 458 444 497 De
466 458 655 506 Mustela,
677 465 722 497 ut
740 460 892 506 scribis,
907 462 985 498 etsi
1004 473 1196 510 magnum
1216 474 1316 511 opus
1335 466 1409 500 est.
1466 461 1527 500 Eo

39 513 165 552 XVII
182 514 231 552 Κ·
322 534 450 582 magis
478 531 645 569 delabor
671 530 724 569 ad
752 530 944 569 Clodiam.
1004 530 1259 583 Quamquam
1283 535 1327 570 in
1354 537 1526 585 utroque

41 568 119 607 [Μ’
153 582 189 607 a*
227 570 303 609 709
322 602 589 640 Faberianum
608 615 759 640 nomen
778 602 1071 653 explorandum
1091 607 1163 641 est.
1223 602 1288 641 De
1316 616 1396 655 quo
1423 603 1524 642 nihil

319 675 504 711 nocuerit
523 675 557 711 si
574 672 727 724 aliquid
746 686 839 711 cum
860 673 985 711 Balbo
1005 676 1083 711 eris
1102 674 1274 722 locutus,
1289 679 1333 713 et
1346 674 1525 725 quidem,

319 750 367 782 ut
402 757 466 782 res
504 750 580 792 est,
615 757 751 783 emere
789 757 862 782 nos
901 744 1015 792 velle,
1056 758 1133 783 nec
1169 758 1287 796 posse
1323 748 1411 784 sine
1447 749 1526 785 isto

320 818 497 862 nomine,
522 828 600 854 nec
627 815 779 853 audere
808 829 851 854 re
879 818 1046 854 incerta.
1104 815 1186 855 Sed
1205 816 1367 868 quando
1386 817 1526 856 Clodia

321 886 470 925 Romae
489 886 626 924 futura
646 892 722 933 est,
741 892 786 925 et
804 889 947 938 quanti
967 900 1054 925 rem
1073 889 1288 926 aestimas?
1336 889 1397 926 Eo
1414 901 1524 940 pror·

319 971 384 996 sus
404 963 558 1009 specto,
577 971 659 996 non
685 960 781 1008 quin
807 957 908 996 illud
936 958 1086 1006 malim,
1115 958 1188 997 sed
1216 964 1260 998 et
1286 973 1434 1011 magna
1460 973 1524 999 res

320 1034 384 1068 est
402 1035 446 1067 et
463 1029 624 1067 difficile
644 1034 852 1068 certamen
879 1043 970 1068 cum
997 1030 1157 1081 cupido,
1186 1044 1277 1069 cum
1305 1031 1524 1082 locuplete,

319 1114 411 1139 cum
431 1100 594 1139 herede.
654 1101 742 1139 Etsi
764 1101 817 1139 de
843 1101 1069 1151 cupiditate
1098 1104 1251 1139 nemini
1280 1102 1522 1148 concedam3

319 1174 464 1211 ceteris
484 1172 604 1211 rebus
624 1172 836 1211 inferiores
854 1185 1002 1212 sumus.
1061 1171 1143 1211 Sed
1164 1172 1264 1211 haec
1282 1186 1425 1212 coram.

831 1365 1010 1403 XLVIII

714 1458 854 1483 CICERO
884 1458 1024 1484 ATTICO
1052 1459 1129 1484 SAL.

36 1523 284 1615 {eZIIffvzyvi
378 1526 487 1564 Hirti
509 1526 667 1572 librum,
685 1532 731 1563 ut
750 1527 861 1573 facis,
877 1526 1051 1576 divulga.
1103 1527 1165 1564 De
1186 1526 1400 1565 Philotimo
1413 1527 1522 1567 idem

194 1607 203 1616 .
241 1591 300 1616 un.

37 1645 143 1670 mam
163 1646 187 1671 a
227 1633 303 1672 709
322 1604 364 1636 et
380 1611 456 1648 ego
469 1598 702 1637 arbitrabar.
752 1597 929 1635 Domum
947 1603 1060 1636 tuam
1075 1598 1199 1649 pluris
1214 1599 1332 1637 video
1345 1599 1521 1638 futuram

320 1672 452 1707 vicino
480 1669 659 1708 Caesare.
717 1669 987 1707 Tabellarium
1025 1683 1162 1708 meum
1199 1669 1320 1708 hodie
1357 1683 1522 1723 exspec-

318 1746 462 1779 tamus.
522 1741 606 1780 Nos
625 1741 677 1779 de
700 1741 799 1778 Pilia
818 1747 861 1779 et
882 1742 1020 1779 Attica
1038 1744 1230 1780 certiores
1248 1741 1381 1781 faciet.

374 1812 495 1850 Domi
532 1818 575 1850 te
614 1812 792 1851 libenter
830 1825 918 1851 esse
948 1812 1067 1851 facile
1100 1813 1232 1852 credo.
1290 1813 1373 1852 Sed
1401 1813 1522 1852 velim

319 1886 434 1930 scire,
454 1883 552 1934 quid
572 1884 646 1921 tibi
666 1889 807 1930 restet,
828 1888 900 1921 aut
918 1886 1052 1921 iamne
1081 1883 1313 1922 confeceris.
1371 1884 1460 1935 Ego
1477 1889 1521 1924 tc

319 1957 361 1993 in
400 1956 626 1994 Tusculano
665 1961 871 2007 exspect0,
909 1969 1038 2007 eoque
1076 1959 1216 2007 magis,
1246 1956 1354 2008 quod
1385 1957 1521 1995 Tironi

319 2029 455 2064 statim
486 2032 529 2065 te
557 2031 772 2065 venturum
794 2029 986 2077 scripsisti
1014 2032 1058 2065 et
1086 2026 1278 2066 addidisti
1307 2032 1350 2066 te
1378 2032 1520 2078 putare

319 2111 419 2148 opus
438 2111 537 2137 esse.

320 2155 370 2196 98
