1592 2366
598 147 824 186 MARCUS
862 147 1107 186 TULLIUS
1146 147 1347 187 CICERO

363 234 471 282 villa,
487 235 619 283 litore,
633 240 852 286 prospectu
871 237 1006 283 maris,
1024 235 1205 283 tumulis,
1223 235 1286 274 his
1304 235 1426 274 rebus
1443 237 1572 275 omni-

364 306 448 344 bus,
507 305 590 344 Sed
617 319 751 357 neque
775 306 875 344 haec
898 306 1024 358 digna
1045 306 1292 357 longioribus
1313 305 1476 354 litteris,
1495 318 1572 344 nec

363 382 465 424 erat,
484 376 592 428 quod
612 377 843 424 scriberem,
864 381 908 415 et
927 389 1091 415 somnus
1110 377 1294 428 urgebat.

948 525 986 563 X

759 616 899 642 CICERO
927 616 1069 642 ATTICO
1097 616 1174 642 SAL.

80 683 156 722 Scr.
186 683 347 722 Asturae
419 682 529 721 Male
547 682 781 721 mehercule
796 683 848 721 de
869 683 1131 722 Athamante.
1180 683 1291 722 Tuus
1304 688 1443 722 autem
1456 682 1571 722 dolor

85 736 120 775 V
136 737 186 777 K.
207 737 307 776 Sext.

78 805 113 830 a.
138 793 214 832 709

74 1504 153 1542 Scr.
178 1504 215 1541 in
248 1504 341 1541 Τπε-

73 1558 206 1596 calano
226 1573 271 1596 m.

74 1614 197 1651 intere.
218 1617 314 1664 post.

75 1682 109 1706 (ι.
133 1668 211 1708 708

364 753 564 792 humanus
591 756 625 792 is
653 754 831 806 quidem,
857 754 931 792 sed
955 767 1104 805 magno
1133 767 1256 806 opere
1285 753 1567 793 moderandus.

364 824 693 863 Consolationum
711 830 850 863 autem
869 825 1022 863 multae
1038 828 1137 873 viae,
1153 825 1225 864 sed
1240 825 1310 863 illa
1324 827 1570 864 rectissima:

360 898 556 947 impetret
581 899 698 944 ratio,
726 896 835 948 quod
867 896 955 935 dies
987 899 1255 947 impetratura
1286 901 1361 935 est.
1418 895 1569 935 Alexin

360 979 455 1005 vero
473 980 672 1015 curemus,
695 969 914 1018 imaginem
942 967 1114 1014 Tironis,
1143 979 1266 1019 quem
1293 979 1462 1018 aegrum
1491 966 1568 1006 Ro-

360 1051 467 1076 mam
485 1041 635 1086 remisi,
653 1043 710 1086 et,
731 1040 763 1077 si
783 1038 881 1090 quid
901 1037 1027 1077 habet
1049 1037 1162 1077 collis
1188 1038 1394 1089 ἐπιδήμιον,
1421 1037 1475 1077 ad
1501 1051 1568 1077 me

359 1121 452 1148 cum
488 1109 725 1148 Tisameno1
763 1109 1062 1148 transferamus.
1131 1109 1237 1147 Tota
1268 1108 1414 1148 domus
1450 1114 1568 1148 vacat

359 1183 552 1231 superior,
571 1186 619 1220 ut
637 1182 724 1220 scis.
784 1181 878 1219 Hoc
899 1186 998 1232 puto
1017 1180 1136 1218 valde
1155 1179 1208 1219 ad
1227 1193 1313 1219 rem
1332 1182 1552 1232 pertinere.

934 1337 992 1375 XI

754 1430 895 1456 CICERO
924 1430 1066 1455 ATTICO
1094 1429 1173 1456 sAL.

414 1499 523 1538 Male
552 1499 604 1537 de
634 1499 738 1538 Seio.
796 1497 878 1536 Sed
898 1500 1033 1535 omnia
1052 1497 1228 1535 humana
1246 1497 1473 1536 tolerabilia
1492 1497 1564 1536 du-

359 1570 500 1609 cenda.
560 1570 641 1620 Ipsi
671 1571 780 1607 enim
809 1568 907 1620 quid
936 1581 1086 1616 sumus,
1114 1572 1187 1606 aut
1217 1580 1338 1620 quam
1367 1567 1437 1607 diu
1464 1567 1566 1607 haec

360 1644 536 1680 curaturi
569 1641 733 1679 sumus?
789 1639 849 1678 Ea
877 1638 1095 1683 videamus,
1125 1651 1229 1690 quae
1257 1638 1308 1676 ad
1336 1651 1410 1678 nos
1436 1641 1566 1690 magis

359 1714 570 1763 pertinent
588 1724 666 1750 nec
683 1716 823 1750 tamen
842 1710 985 1757 multo,
1005 1709 1100 1761 quid
1131 1722 1297 1760 agamus
1324 1709 1378 1748 de
1406 1715 1562 1749 senatu.

358 1784 424 1831 Et,
437 1788 484 1821 ut
498 1796 551 1820 ne
566 1782 664 1834 quid
678 1784 1015 1833 praetermittam,
1029 1780 1246 1819 Caesonius
1259 1780 1313 1819 ad
1325 1793 1393 1819 me
1407 1779 1566 1820 litteras

358 1857 468 1893 misit
496 1853 742 1892 Postumiam
771 1852 923 1903 Sulpici
952 1851 1117 1890 domum
1138 1850 1188 1889 ad
1207 1864 1251 1890 se
1270 1853 1439 1890 venisse.
1499 1851 1564 1891 De

363 1926 525 1976 Pompei
555 1925 696 1975 Magni
725 1923 806 1961 filia
834 1924 909 1961 tibi
938 1925 1121 1973 rescripsi
1151 1921 1251 1959 nihil
1275 1935 1342 1960 me
1364 1921 1441 1960 hoc
1459 1927 1564 1962 tem-

356 2009 453 2048 pore
482 1998 685 2046 cogitare;
713 1994 883 2033 alteram
913 2007 1007 2032 vero
1034 1993 1159 2040 illam,
1187 2006 1308 2044 quam
1336 1998 1382 2031 tu
1411 1993 1564 2042 scribis,

579 2082 589 2103 ¹
614 2082 800 2115 Tisameno
814 2080 878 2122 Zb,
895 2082 1112 2114 testamento
1127 2079 1223 2113 other
1237 2079 1343 2115 MSS.

359 2133 410 2165 ‘22
