1572 2378
40 435 178 466 Terence,
193 434 286 460 Andr.

41 470 90 495 185

43 1061 122 1100 Scr.
146 1061 185 1099 in
219 1060 312 1098 Tus-

43 1115 176 1154 calano
195 1115 268 1153 III

47 1170 103 1208 Id.
124 1169 249 1214 Quint.
274 1183 309 1209 a.

48 1225 124 1263 709

559 181 784 220 MARCUS
823 181 1067 220 TULLIUS
1105 180 1306 219 CICERO

325 270 469 322 mum),
488 270 589 308 illud
608 272 651 308 in
669 272 822 321 primis,
834 283 928 308 cum
949 268 1121 308 Publilio
1139 282 1205 307 me
1225 268 1418 319 apsente¹
1436 281 1530 308 con-

327 342 447 380 ficias.
507 342 572 379 De
591 354 672 393 quo
690 354 794 392 quae
813 340 921 378 fama
940 343 1004 387 sit,
1025 341 1186 378 scribes.

598 425 625 443 “
637 420 686 459 Id
705 421 877 472 populus
895 425 1010 458 curat
1027 420 1204 458 scilicet!
1219 419 1242 434 ”

327 503 421 541 Non
440 501 674 541 mehercule
693 502 889 545 arbitron
918 503 1072 539 etenim
1092 500 1192 539 haec
1211 500 1430 539 decantata
1446 505 1534 539 erat

325 572 473 611 fabula.
532 573 613 611 Sed
632 572 837 623 complere
856 574 1047 623 paginam
1075 571 1192 611 volui.
1251 571 1363 619 Quid
1390 570 1534 623 plura?

325 646 412 695 ipse
432 646 541 682 enim
560 643 715 691 adsum,
737 645 813 681 nisi
834 642 931 694 quid
951 647 997 681 tu
1017 655 1218 693 prorogas.
1258 641 1408 694 Scripsi
1426 644 1533 681 enim

326 716 377 754 ad
398 721 441 754 te
460 715 514 753 de
533 714 672 753 hortis.

746 875 917 922 XXXV,
944 874 1122 912 XXXVI

725 975 865 1001 menno
895 975 1036 1000 A'r'rico
1064 975 1141 1001 sAi..

385 1055 424 1094 Ο
462 1068 547 1093 rem
584 1053 817 1104 indignam!
875 1052 1052 1090 Gentilis
1089 1057 1183 1091 tuus
1221 1052 1364 1090 urbem
1399 1056 1537 1104 auget,

330 1140 452 1179 quam
478 1126 556 1164 hoc
582 1126 748 1163 biennio
776 1126 950 1175 primum
974 1122 1089 1170 vidit,
1111 1127 1155 1162 et
1173 1125 1211 1161 ei
1231 1136 1373 1174 pamm
1392 1136 1539 1174 magna

332 1202 413 1237 visa
432 1203 508 1245 est,
527 1209 631 1249 quae
651 1198 775 1235 etiam
794 1198 926 1246 ipsum
952 1207 1097 1246 capere
1124 1197 1316 1246 potuerit.
1376 1194 1467 1233 Hac
1485 1194 1538 1233 de

329 1283 374 1309 re
403 1272 529 1321 igitur
558 1273 751 1319 exspecto
780 1266 938 1305 litteras
967 1271 1070 1305 tuas.
1131 1266 1298 1304 Varroni
1323 1266 1464 1305 scribis
1481 1270 1538 1313 te,

327 1340 447 1380 simul
484 1353 530 1377 ac
568 1341 738 1377 venerit.
808 1337 904 1375 Dati
937 1339 1062 1388 igitur
1098 1339 1179 1374 iam
1211 1341 1322 1384 sunt,
1354 1348 1431 1374 nec
1463 1336 1538 1375 tibi

326 1415 534 1463 integrum
554 1416 629 1458 est,
649 1410 734 1458 hui,
753 1412 785 1447 si
805 1411 915 1456 scias,
938 1413 1091 1460 quanto
1109 1407 1290 1459 periculo
1307 1407 1402 1446 tuo!
1452 1406 1540 1446 Aut

328 1483 499 1521 fortasse
526 1482 689 1519 litterae
718 1493 833 1518 meae
861 1485 905 1518 te
934 1478 1216 1523 retardarunt3
1245 1480 1323 1516 nisi
1347 1490 1416 1517 eas
1437 1491 1538 1516 non-

328 1544 426 1587 dum
440 1548 611 1599 legeras,
627 1559 718 1584 cum
733 1546 805 1583 has
819 1547 1020 1596 proximas
1035 1546 1239 1594 scripsisti.
1289 1543 1400 1582 Scire
1413 1545 1539 1595 igitur

327 1633 442 1668 aveo,
461 1632 541 1671 quo
559 1618 680 1656 modo
699 1631 763 1656 res
783 1630 826 1655 se
846 1616 1006 1655 habeat.

383 1691 449 1729 De
478 1689 594 1728 Bruti
621 1702 757 1727 amore
787 1693 999 1739 vestraque
1028 1687 1302 1726 ambulatione
1331 1690 1410 1726 etsi
1437 1687 1537 1726 mihi

328 1761 430 1800 nihil
458 1763 552 1800 novi
579 1760 728 1807 adfers,
757 1759 829 1798 sed
858 1759 967 1797 idem
997 1758 1104 1810 quod
1135 1771 1269 1809 saepe,
1297 1763 1435 1797 tamen
1461 1757 1538 1797 hoc

327 1832 447 1870 audio
465 1832 659 1870 libentius
679 1843 759 1882 quo
779 1833 950 1882 saepiuS‚
967 1842 1097 1881 eoque
1116 1828 1216 1867 mihi
1235 1828 1448 1868 iucundius
1460 1833 1537 1877 est,

327 1903 436 1955 quod
473 1908 518 1941 tu
557 1915 606 1941 eo
643 1902 818 1948 laetaris,
858 1903 1088 1952 certiusque
1119 1913 1169 1939 eo
1199 1905 1275 1946 est,
1305 1899 1413 1951 quod
1441 1912 1467 1939 a
1494 1904 1538 1938 te

326 1975 486 2013 dicitur.

502 2046 515 2066 ¹
539 2056 593 2078 me
610 2048 757 2087 apsente
775 2043 906 2077 M'illler·
922 2056 929 2076 :
958 2054 1034 2076 mea
1049 2053 1139 2086 pene
1155 2042 1302 2078 absente
1320 2043 1370 2077 M.

332 2167 408 2206 182
