1572 2378
57 506 134 545 Sor.
163 505 201 543 in
230 505 323 543 Tus-

58 559 189 598 calano
211 560 271 597 IV

567 168 794 208 MARCUS
831 168 1077 208 TULLIUS
1116 168 1317 208 CICERO

915 325 974 363 IX

738 427 877 452 CICERO
907 426 1047 451 ATTICO
1076 426 1154 452 sn..

399 517 456 542 nn
491 504 595 542 Non.
631 505 789 555 vesperi
821 517 844 540 a
878 503 1003 540 Balbo
1036 502 1220 540 redditae
1253 501 1353 540 mihi
1384 501 1547 541 litterae

341 570 428 608 fore
462 570 590 608 Nonis
620 574 820 616 senatum,
851 573 897 607 ut
927 568 1076 606 Brutus
1105 570 1147 605 in
1178 567 1288 614 Asia,
1319 567 1477 607 Cassius
1505 570 1547 606 in

61 613 156 652 Nm
178 614 260 652 Iun·
287 628 322 653 α·
342 635 477 674 Sicilia
495 635 747 673 frumentum
766 634 985 673 emendum
1006 639 1050 673 et
1067 634 1119 672 ad
1139 634 1280 672 urbem
1299 633 1546 673 mittendum

62 669 137 707 710

341 707 540 740 curarent.
600 701 638 740 Ο
662 714 749 740 rem
772 700 983 738 miseram!
1014 702 1188 750 primum
1217 699 1340 738 ullam
1368 700 1420 738 ab
1446 702 1546 748 istis,

340 767 450 815 dein,
474 770 507 805 si
532 767 719 818 aliquam,
747 765 852 804 hanc
881 765 1119 817 legator-iam
1147 765 1417 816 provinciam!
1462 765 1548 804 ›At-

340 847 419 885 que
439 833 547 871 haud
567 835 648 871 scio
662 846 714 870 an
729 831 875 870 melius
894 834 948 870 sit
967 844 1088 882 quam
1106 829 1158 868 ad
1178 831 1373 869 Eurotam
1391 830 1545 870 sedere.

341 899 422 938 Sed
446 899 547 937 haec
570 911 684 936 casus
707 897 963 949 gubernabit.
1021 897 1095 935 Ait
1115 902 1253 935 autem
1277 896 1422 935 eodem
1442 901 1548 936 tem-

341 978 437 1016 pore
471 964 682 1002 decretum
715 965 776 1010 iri,
810 968 858 1001 ut
891 968 935 1001 et
972 965 1020 1001 iis
1056 967 1101 1001 et
1137 961 1302 1014 reliquis
1338 964 1548 1014 praetoriis

340 1034 568 1084 provinciae
589 1031 873 1069 decernantur.
934 1029 1026 1068 Hoc
1046 1034 1159 1068 certe
1178 1028 1322 1068 melius
1340 1041 1462 1081 quam
1479 1025 1548 1067 illa

340 1098 513 1149 Περσικὴ
531 1099 735 1148 porticus3
763 1095 858 1134 nolo
878 1097 988 1133 enim
1012 1094 1362 1133 Lacedaemonem
1387 1093 1547 1147 longin-

340 1166 521 1214 quiorem
550 1175 671 1213 quam
700 1160 927 1199 Lanuvium
956 1163 1198 1199 existimare.
1256 1163 1283 1182 “
1296 1159 1458 1207 Rides‚''
1485 1162 1547 1198 in-

340 1231 468 1280 quies,
488 1230 567 1265 “in
586 1227 734 1265 talibus
754 1226 938 1264 rebus?”
998 1224 1107 1273 Quid
1128 1225 1299 1264 faciam?
1354 1225 1548 1276 plorando

340 1293 469 1332 fessus
489 1307 588 1331 sum.

397 1360 449 1398 Di
470 1358 728 1397 inmortales!
756 1371 877 1410 quam
897 1371 962 1396 me
983 1357 1269 1396 conturbatum
1300 1359 1436 1396 tenuit
1463 1359 1548 1409 epi-

341 1425 471 1463 stulae
500 1430 595 1463 tuae
623 1426 731 1475 prior
759 1423 930 1474 pagina!
960 1422 1058 1474 quid
1086 1427 1223 1460 autem
1252 1424 1330 1460 iste
1357 1424 1401 1460 in
1427 1421 1548 1460 domo

343 1497 413 1529 tua
431 1503 544 1528 casus
562 1489 792 1527 armorum?
849 1488 932 1527 Sed
950 1488 1059 1526 hunc
1079 1488 1245 1539 quidem
1265 1487 1448 1526 nimbum
1466 1490 1549 1528 cito

341 1559 532 1595 transisse
551 1555 690 1594 laetor.
749 1554 811 1592 Tu
835 1554 933 1605 quid
956 1557 1088 1605 egeris
1111 1559 1182 1591 tua
1205 1566 1297 1591 cum
1325 1555 1433 1592 tristi
1459 1558 1549 1592 tum

341 1625 465 1661 etiam
485 1620 634 1659 difficili
654 1620 705 1658 ad
725 1619 1019 1658 consiliandum
1044 1619 1263 1671 legatione,
1282 1618 1550 1658 vehementer

342 1693 558 1738 exspect03
596 1691 660 1725 cst
688 1688 797 1725 enim
826 1685 1130 1736 inexplicabilis.
1191 1684 1254 1722 Ita
1282 1683 1548 1724 circumsede-

342 1768 431 1792 mur
451 1755 574 1803 copiis
593 1752 790 1790 omnibus.
848 1751 916 1789 Me
936 1750 1100 1802 quidem
1122 1749 1237 1788 Bruti
1256 1749 1431 1798 litterae,
1450 1762 1549 1802 quas

341 1819 522 1858 ostendis
547 1832 570 1856 a
593 1823 637 1856 te
661 1818 798 1863 lectas,
824 1819 880 1854 ita
904 1817 1206 1867 perturbarunt,
1227 1820 1288 1864 ut,
1306 1829 1548 1868 quamquam

341 1891 439 1924 ante
459 1885 630 1936 egebam
645 1882 822 1929 consilio,
839 1887 980 1920 tamen
995 1883 1119 1919 animi
1133 1880 1272 1919 dolore
1291 1883 1366 1920 sim
1385 1881 1546 1920 tardior.

343 1951 424 1990 Sed
453 1950 581 2002 plura,
605 1963 696 1987 cum
725 1951 802 1987 ista
831 1960 1017 1998 cognoro.
1078 1947 1170 1985 Hoc
1197 1951 1337 1985 autem
1364 1951 1549 1998 tempore

503 2085 515 2107 ¹
539 2086 608 2118 Lit.
639 2087 663 2103 ‘⁴
677 2084 792 2117 which
810 2083 913 2117 could
930 2083 972 2116 be
988 2083 1175 2126 delegated
1193 2086 1229 2116 to
1244 2082 1384 2125 leyaet'.”

344 2152 422 2187 818
