1572 2378
559 168 785 208 MARCUS
823 167 1067 207 TULLIUS
1105 167 1306 207 CICERO

327 272 405 296 nec
424 271 496 296 nos
517 259 591 296 sibi
612 263 730 308 putat
749 257 891 296 deesse
907 263 1106 308 oportere.
1140 256 1342 309 Equidem
1356 258 1474 304 suasi,
1489 261 1535 295 ut

332 325 498 362 Romam
519 330 720 375 pergeret.
776 324 950 361 Videtur
969 326 1078 361 enim
1098 323 1198 360 mihi
1218 328 1262 361 et
1281 321 1534 374 plebeculam

329 391 537 436 urbanam,
558 395 614 437 et,
629 392 661 427 si
681 389 800 427 fidem
819 389 980 447 fecerit,
996 391 1119 427 etiam
1139 389 1266 426 bonos
1280 390 1383 426 viros
1397 400 1534 426 secum

329 455 550 503 habiturus.
610 455 647 492 O
669 454 806 501 Brute,
827 455 894 492 ubi
917 454 987 493 es?
1007 459 1201 505 quantam
1221 453 1405 503 εὐκαιρίαν
1421 455 1533 492 amit-

329 521 405 558 tis!
464 507 570 558 'Non
604 520 794 571 equidem
828 520 904 558 hoc
937 519 1127 566 divinavi,
1160 518 1232 557 sed
1266 517 1419 570 aliquid
1450 516 1534 565 talc

330 588 469 636 putavi
500 585 598 624 fore.
669 586 786 623 Nunc
818 591 936 624 tuum
970 585 1182 623 consilium
1215 587 1393 647 exquiro.
1457 582 1534 622 Bo-

328 665 489 689 mamne
511 654 628 689 venio
648 665 696 688 an
728 652 794 689 hic
821 664 967 708 maneo
995 664 1047 688 an
1076 651 1274 702 Arpinum
1302 649 1536 703 (ἀσφάλειάν

329 717 456 755 habet
474 720 506 755 is
526 716 655 770 locus)
684 716 864 768 fugiam?
884 760 886 763 .
912 710 1102 763 {Romam,
1122 729 1174 754 ne
1194 709 1484 763 desideremur,
1500 717 1533 754 si

330 783 428 834 quid
462 789 597 821 actum
628 783 842 821 videbitur.
886 753 995 829 Jldoc
1025 785 1159 838 igitur&
1182 781 1349 832 explica.
1407 780 1534 820 Num·

330 861 451 900 quam
471 852 513 886 in
533 851 683 887 maiore
703 849 840 904 ‹139qu
858 846 927 886 fui.
1165 836 1189 840 μ’

905 1005 964 1043 IX

727 1106 868 1132 clcssno
897 1106 1037 1131 ATTICO
1065 1107 1144 1132 SAL.

47 1178 124 1216 Scr.
147 1178 185 1217 in
388 1181 512 1218 Binae
545 1194 625 1219 uno
656 1181 722 1219 die
751 1181 851 1218 mihi
882 1181 1044 1219 litterae
1074 1182 1125 1219 ab
1159 1182 1394 1229 Octaviano,
1426 1190 1536 1220 nunc

51 1231 253 1295 Plflwlalw
331 1248 511 1299 quidem,
545 1252 591 1303 ut
626 1247 792 1284 Romam
830 1250 968 1285 statim
1006 1250 1188 1293 veniam;
1226 1246 1332 1285 velle
1369 1259 1414 1285 se
1449 1259 1534 1286 rem

46 1287 143 1377 pgzd.
168 1287 314 1381 Aeg—10
331 1326 453 1364 agere
492 1326 563 1363 per
601 1318 797 1350 senatum.
857 1313 930 1350 Cui
969 1326 1045 1363 ego
1081 1325 1163 1350 non
1201 1325 1318 1363 posse
1349 1316 1534 1352 senatum

50 1356 61 1378 l
88 1355 141 1380 ου’
170 1355 205 1380 α’
329 1383 427 1416 ante
450 1377 496 1415 K.
522 1378 675 1414 Ianuar.
681 1407 692 1424 ‚
713 1376 821 1428 quod
845 1377 1010 1428 quidem
1034 1380 1090 1415 ita
1109 1376 1240 1415 credo.
1300 1376 1376 1415 Ille
1397 1368 1535 1430 autem

329 1443 445 1481 addit
475 1443 678 1480 “consilio
709 1443 818 1480 tuo.”
877 1442 987 1490 Quid
1015 1442 1171 1480 multa?
1199 1442 1269 1481 ille
1297 1447 1429 1493 urget,
1458 1454 1536 1494 ego
1570 1453 1572 1470 ³

329 1514 467 1547 autem
497 1510 725 1558 σκήπτομαι.
783 1509 877 1546 Non
908 1508 1065 1546 confido
1099 1511 1237 1555 aetati,
1269 1511 1424 1559 ignoro,
1455 1519 1536 1560 quo
1567 1505 1572 1529 ³·

328 1577 473 1612 animo.
532 1573 602 1611 Nil
631 1577 718 1612 sine
749 1574 876 1612 Pansa
896 1579 968 1612 tuo
989 1574 1088 1612 volo.
1149 1574 1313 1621 Vereor,
1332 1587 1385 1612 ne
1405 1573 1536 1613 valent
1567 1563 1572 1610 Ξ

331 1641 546 1686 Antonius,
571 1652 647 1677 nec
673 1653 696 1676 a
722 1642 821 1676 mari
850 1639 1059 1677 discedere
1088 1639 1202 1686 libet,
1232 1644 1276 1678 et
1302 1644 1455 1687 metuo,
1479 1651 1535 1679 ne
1567 1647 1572 1686 ’ς

329 1719 432 1757 quae
453 1706 622 1756 ἀριστεία
643 1718 710 1742 me
736 1705 916 1743 absente.
976 1705 1143 1742 Varroni
1164 1704 1327 1756 quidem
1348 1704 1536 1756 displicet

330 1770 540 1809 consilium
571 1773 699 1821 pueri,
728 1770 827 1808 mihi
856 1784 949 1808 non.
1008 1770 1050 1809 Si
1079 1770 1210 1808 firmas
1238 1773 1371 1822 copias
1398 1759 1534 1819 habet,
1562 1784 1572 1831 ἒ·

331 1833 502 1871 Brutum
533 1833 683 1870 habere
714 1838 864 1882 potest,
895 1838 940 1871 et
973 1846 1059 1871 rem
1093 1836 1199 1883 gerit
1231 1833 1374 1883 palam.
1431 1830 1572 1878 Calin*

329 1902 453 1937 turiat
473 1899 646 1949 Capuae,
667 1898 909 1936 dinumerat.
961 1898 1047 1936 Iam
1066 1901 1226 1950 iamque
1240 1898 1357 1937 video
1368 1855 1572 1954 belldspi‘l

330 1964 394 2002 Ad
415 1964 515 2002 haec
536 1964 721 2002 rescribe.
773 1963 1045 2001 Tabellarium
1065 1977 1202 2002 meum
1221 1962 1390 2003 Kalend.
1411 1929 1572 2027 Roma}

329 2028 557 2080 profectum
578 2030 664 2066 sine
685 2030 765 2066 tuis
786 2027 935 2066 litteris
955 2030 1086 2066 miror.
1516 2027 1530 2032 ⁹
1562 2030 1572 2058 ²⁵

329 2154 407 2188 402
