1572 2378
559 184 786 223 MARCUS
825 185 1070 223 TULLIUS
1109 185 1310 224 CICERO
1376 202 1377 205 ¹

327 277 414 310 tum
437 272 582 322 placet,
603 273 710 322 lege,
730 286 893 324 quaeso,
913 273 1048 323 legem
1076 273 1257 325 mihique
1285 286 1375 312 eam
1402 277 1532 312 mitte.

329 334 369 372 Si
399 334 496 385 quid
525 337 567 372 in
596 340 779 373 mentem
809 338 959 383 veniet,
989 349 1069 387 quo
1095 335 1217 374 modo
1242 349 1330 375 eam
1358 336 1535 388 effugere

328 399 537 447 possimus,
557 402 730 435 utemur.

383 458 448 496 Ad
479 458 649 497 Brutum
678 463 710 497 si
739 460 837 511 quid
865 462 1029 508 scribes,
1059 463 1137 500 nisi
1164 461 1343 500 alienum
1362 461 1537 513 putabis,

326 522 538 573 obiurgato
554 536 661 570 eum,
676 523 785 574 quod
803 525 846 561 in
866 523 1047 562 Cumano
1067 537 1156 563 esse
1175 524 1352 564 noluerit
1370 529 1537 577 propter

328 597 416 622 eam
446 598 619 632 causam,
648 598 770 636 quam
797 586 873 624 tibi
901 586 1016 625 dixit.
1076 586 1281 638 Cogitanti
1305 590 1415 626 enim
1436 586 1536 627 mihi

328 647 428 684 nihil
450 653 534 685 tam
553 647 716 686 videtur
734 652 914 698 potuisse
940 649 1075 687 facere
1102 652 1263 688 rustice.
1322 650 1390 697 Et,
1409 652 1443 689 si
1459 649 1536 689 tibi

327 710 506 760 placebit
524 713 581 748 sic
601 724 723 761 agere
742 710 795 749 de
816 711 924 758 fano,
942 716 991 750 ut
1010 714 1230 763 coepimus,
1249 712 1371 750 velim
1395 711 1535 752 cohor-

328 777 416 811 tere
448 778 492 810 et
525 786 694 811 exacuas
733 773 947 812 Cluatium.
1007 775 1126 822 Nam,
1155 777 1316 814 etiamsi
1342 774 1422 813 alio
1447 772 1537 814 loco

329 835 519 885 placebit,
533 835 640 873 illius
661 836 776 874 nobis
795 849 918 887 opera
937 837 1186 889 consilioque
1202 837 1403 876 utendum
1422 841 1534 890 puto.
1561 847 1565 850 ’

328 897 389 935 Tu
409 897 460 935 ad
480 897 616 935 villam
636 897 806 936 fortasse
826 912 923 937 cras.

837 1033 1035 1070 XXXVII

727 1115 866 1140 elcuno
897 1115 1037 1140 ATTxco
1067 1116 1145 1142 SAL.

46 1178 124 1215 Ser,
152 1178 314 1215 Asturae
389 1173 421 1209 A
460 1178 503 1210 te
541 1172 628 1210 heri
666 1172 765 1210 duas
799 1173 994 1224 epistulas
1026 1178 1179 1225 accepi,
1206 1174 1376 1214 alteram
1409 1176 1539 1228 pridie

48 1232 111 1269 IV
127 1231 226 1269 Non.
331 1236 467 1273 datam
508 1236 664 1282 Hilaro,
696 1236 866 1274 alteram
904 1236 1050 1275 eodem
1080 1236 1147 1275 die
1177 1237 1402 1286 tabellario,
1430 1251 1540 1278 acce-

48 1285 144 1326 Μαὶ·
165 1300 200 1324 a·
226 1288 303 1325 709
330 1301 453 1349 pique
481 1299 532 1336 ab
562 1298 753 1349 Aegypta
781 1298 929 1337 liberto
952 1299 1097 1337 eodem
1117 1299 1185 1338 die
1207 1300 1347 1338 Piliam
1367 1306 1411 1340 et
1429 1301 1540 1341 Atti-

329 1373 417 1398 cam
437 1360 558 1411 plane
577 1360 685 1399 belle
705 1374 748 1399 se
769 1360 931 1400 habere.
982 1361 1103 1408 Quod
1118 1362 1218 1400 mihi
1234 1362 1349 1402 Bruti
1367 1364 1538 1412 litteras,

329 1428 501 1473 gratum.
559 1422 626 1461 Ad
656 1436 723 1461 me
754 1436 916 1475 quoque
946 1427 1080 1470 misit;
1114 1438 1218 1477 quae
1246 1425 1409 1465 litterae
1438 1426 1538 1465 mihi

329 1484 514 1524 redditae
543 1490 640 1524 sunt
667 1488 791 1524 tertio
819 1486 978 1524 decimo
1006 1487 1086 1525 die.
1145 1487 1245 1526 Eam
1274 1490 1399 1539 ipsam
1423 1489 1476 1528 ad
1493 1495 1538 1529 te

330 1547 547 1598 epistulam
576 1550 666 1585 misi
696 1553 740 1586 et
766 1547 817 1586 ad
848 1561 938 1587 eam
964 1549 1198 1600 exemplum
1218 1563 1399 1589 mearum
1427 1551 1538 1591 litte-

329 1623 473 1648 rarum.

384 1672 448 1711 De
477 1672 585 1719 fano,
614 1676 646 1711 si
676 1673 777 1710 nihil
807 1674 906 1711 mihi
936 1674 1144 1713 hortorum
1172 1677 1344 1723 invenis,
1363 1680 1432 1729 qui
1453 1680 1538 1729 qui-

328 1735 423 1774 dem
451 1737 527 1773 tibi
561 1736 797 1774 inveniendi
827 1741 935 1783 sunt,
965 1739 998 1775 si
1026 1750 1092 1775 me
1120 1727 1224 1776 tanti
1258 1738 1368 1786 facis,
1395 1743 1536 1792 quanti

329 1803 440 1836 certe
459 1797 569 1844 facis,
591 1798 707 1836 valde
729 1798 854 1849 probo
874 1801 1073 1837 rationem
1093 1805 1205 1838 tuam
1224 1801 1277 1840 de
1295 1801 1534 1842 Tusculano.

329 1860 523 1908 Quamvis
549 1861 726 1911 prudens
744 1861 796 1899 ad
816 1862 1078 1912 cogitandum
1099 1865 1164 1909 sis,
1183 1865 1288 1902 sicut
1308 1877 1364 1911 es,
1383 1869 1535 1913 tamen,

328 1926 403 1962 nisi
431 1937 602 1975 magnae
631 1937 749 1962 curae
777 1924 854 1963 tibi
883 1930 1004 1972 esset,
1023 1930 1071 1963 ut
1093 1938 1169 1976 ego
1192 1939 1462 1979 consequerer
1477 1927 1534 1976 id,
1569 1966 1572 1967 γ

327 1986 434 2038 quod
455 2000 603 2037 magno
632 2000 755 2037 opere
783 1986 945 2034 vellem,
964 2000 1185 2039 numquam
1205 2001 1254 2027 ea
1274 2002 1337 2028 res
1355 1990 1431 2028 tibi
1449 1995 1532 2030 tam

328 2048 436 2087 belle
463 2051 506 2086 in
534 2054 718 2088 mentem
745 2052 884 2088 venire
913 2053 1121 2101 potuisset.
1180 2050 1262 2090 Sed
1290 2055 1428 2092 nescio
1453 2065 1534 2106 quo

329 2117 447 2162 pacto
466 2111 746 2150 celebritatem
766 2115 949 2163 requir03
980 2115 1116 2164 itaque
1136 2113 1274 2152 hortos
1293 2114 1392 2153 mihi
1411 2115 1532 2154 confi-

329 2168 380 2204 74
