1572 2378
548 148 772 187 MARCUS
812 148 1057 187 TULLIUS
1096 147 1297 186 CICERO

315 237 485 276 alteram
501 250 554 274 vn
574 236 669 275 ldus
686 236 868 274 Lanuvio
882 236 1008 274 datas.
1040 236 1148 274 Audi
1163 238 1289 287 igitur
1301 235 1353 273 ad
1367 243 1518 278 omues.

321 303 510 349 Primum,
530 315 634 354 quae
653 301 707 340 de
726 315 770 340 re
789 315 882 339 mea
901 307 1018 353 gesta
1037 306 1081 339 et
1108 304 1151 338 in
1179 301 1380 340 solutione
1408 306 1454 340 et
1478 302 1520 339 in

320 369 491 407 Albiano
506 370 685 419 negotio,
699 373 824 419 grata.
877 367 940 405 De
959 372 1031 405 tuo
1050 372 1188 405 autem
1205 366 1416 414 Buthroto,
1430 379 1521 406 cum

319 436 359 469 in
380 432 625 482 Pompeiano
645 444 788 477 essem,
811 431 1015 468 Misenum
1029 433 1142 468 venit
1160 429 1371 468 Antonius.
1421 425 1523 469 Inde

317 503 414 536 ante
436 497 635 543 discessit,
658 510 778 547 quam
803 496 915 533 illum
939 498 1097 534 venisse
1119 495 1320 534 audissem
1343 498 1387 534 in
1411 494 1522 535 Sam-

318 567 441 602 nium.
500 563 536 600 A
560 563 665 613 quo1
698 561 789 599 vide
812 561 910 612 quid
935 573 1083 611 speres.
1145 561 1294 599 Romae
1319 563 1444 612 igitur
1471 560 1524 600 de

321 629 531 668 Buthroto.
591 627 635 665 L.
673 628 827 665 Antoni
866 626 1067 664 horribilis
1104 629 1253 674 contio,
1289 625 1524 666 Dolabellae

318 696 532 748 praeclara.
592 694 678 732 Iam
706 693 769 732 vel
800 693 874 731 sibi
903 692 1053 730 habeat
1079 705 1278 739 nummos,
1303 692 1424 731 modo
1451 705 1525 731 nu-

319 767 451 800 meret
466 760 616 798 Idibus.
665 758 873 797 Tertullae
888 757 1041 795 nollem
1055 758 1252 796 abortum.
1301 757 1401 796 Tam
1417 760 1523 796 enim

321 828 443 866 Cassii
462 831 558 864 sunt
577 828 656 863 iam
672 838 791 876 quam
814 825 927 862 Bruti
947 823 1120 862 serendi.
1172 823 1236 861 De
1251 826 1391 874 regina
1406 823 1524 862 velim

319 899 443 945 atque
463 894 586 930 etiam
606 890 658 928 de
679 891 847 928 Caesare
867 889 957 926 filio.
1012 889 1187 927 Persolvi
1207 891 1360 940 primae
1379 892 1527 940 epistu-

320 959 397 1005 lae,
415 960 534 996 venio
553 957 604 994 ad
625 956 857 995 secundam.

376 1024 440 1062 De
456 1023 634 1070 Quintis,
650 1021 865 1068 Buthroto,
880 1035 972 1059 cum
988 1034 1150 1068 venero,
1165 1026 1213 1059 ut
1226 1021 1376 1060 scribis.
1407 1019 1526 1069 Quod

322 1091 505 1128 Ciceroni
523 1087 772 1139 suppeditaS,
792 1092 966 1138 gratum.
1017 1085 1139 1133 Quod
1159 1100 1292 1125 errare
1311 1100 1378 1125 me
1397 1091 1528 1138 putas,

322 1158 391 1207 qui
412 1168 499 1192 rem
521 1153 724 1204 publicam
747 1158 888 1203 putem
914 1152 1095 1202 pendere
1115 1165 1138 1189 e
1160 1151 1299 1198 Bruto,
1319 1155 1376 1191 sic
1398 1165 1443 1191 se
1463 1165 1528 1192 res

324 1221 457 1259 habet.
516 1220 602 1256 Aut
619 1218 732 1256 nulla
758 1220 837 1256 erit
861 1222 932 1255 aut
953 1218 1004 1254 ab
1027 1219 1105 1255 isto
1127 1220 1265 1256 istisve
1292 1218 1526 1256 servabitur.

323 1286 444 1334 Quod
474 1298 540 1323 me
571 1284 754 1330 hortaris,
785 1288 833 1321 ut
866 1286 1057 1334 scriptam
1091 1287 1323 1322 contionem
1355 1286 1528 1331 mittam,

322 1355 459 1403 accipe
491 1365 515 1388 a
551 1363 630 1397 me,
663 1352 719 1387 mi
754 1349 906 1396 Attice,
946 1350 1144 1389 καθολικὸν
1183 1351 1355 1401 θεώρημα.
1391 1362 1528 1388 earum

323 1431 469 1464 rerum,
488 1419 531 1454 in
550 1417 695 1467 quibus
719 1418 816 1453 satis
842 1418 1054 1453 exercitati
1078 1427 1226 1461 sumus.
1285 1415 1416 1453 Nemo
1442 1427 1529 1453 um-

323 1497 443 1536 quam
467 1496 600 1533 neque
623 1486 745 1532 poeta
767 1494 900 1532 neque
924 1486 1057 1518 orator
1081 1480 1169 1527 fuit,
1191 1483 1260 1532 qui
1285 1493 1528 1532 quemquam

323 1549 531 1587 meliorem
564 1560 685 1598 quam
717 1559 761 1584 se
795 1547 1068 1586 arbitraretur.
1130 1547 1221 1584 Hoc
1255 1549 1378 1585 etiam
1414 1545 1529 1585 malis

323 1617 538 1665 contingit,
567 1613 664 1665 quid
693 1618 739 1651 tu
771 1612 898 1650 Bruto
923 1617 1043 1663 putas
1068 1618 1112 1650 et
1136 1615 1347 1663 ingenioso
1371 1617 1416 1651 et
1439 1624 1528 1651 eru·

323 1681 437 1719 dito?
496 1679 559 1717 De
579 1691 659 1730 quo
679 1680 803 1716 etiam
822 1681 980 1728 experti
1003 1691 1140 1716 sumus
1163 1691 1292 1729 nuper
1313 1680 1356 1715 in
1380 1677 1526 1717 edicto.

324 1746 569 1797 Scripseram
604 1749 746 1794 rogatu
779 1748 861 1781 tuo.
933 1743 1074 1781 Meum
1109 1743 1206 1781 mihi
1239 1743 1439 1794 placebat,
1469 1742 1529 1782 illi

323 1824 450 1850 suum.
501 1810 609 1858 Quin
627 1813 763 1856 etiam,
779 1822 870 1846 cum
892 1811 1016 1860 ipsius
1035 1810 1222 1860 precibus
1240 1822 1370 1860 paene
1383 1808 1531 1848 adduo-

332 1892 380 1970 W²
400 1903 423 1925 a
420 1902 507 1968 '3110
522 1891 559 1924 in
575 1891 756 1924 Samnium
778 1890 880 1923 MSS.
935 1889 1006 1923 The
1021 1891 1133 1923 words
1156 1901 1240 1923 were
1263 1891 1467 1933 transpoecd
1487 1891 1530 1933 by

369 1947 418 1969 eae
464 1946 532 1976 cry.

365 2044 380 2065 ¹
403 2044 461 2077 An
477 2044 702 2077 affectionate
724 2042 938 2076 diminutivo
960 2043 998 2076 of
1020 2043 1082 2076 tho
1105 2054 1208 2077 name
1229 2043 1267 2076 of
1288 2043 1421 2084 Tertia,
1440 2044 1527 2077 half-

321 2088 427 2121 sistor
441 2088 478 2120 of
497 2088 641 2127 Brutus,
659 2086 729 2119 ancl
747 2087 828 2119 wife
843 2086 881 2119 of
895 2086 1046 2120 Cassius.

321 2136 401 2170 280
