1572 2378
555 166 780 206 MARCUS
818 166 1062 205 TULLIUS
1103 165 1303 204 CICERO

324 257 438 295 Sicca
456 259 566 295 enim
587 256 852 308 φιλοστόργως
869 255 939 294 ille
959 255 1137 307 quidem,
1153 255 1226 294 sed
1244 254 1532 294 tumultuosius

323 322 375 360 ad
403 334 470 359 me
501 323 624 359 etiam
657 320 767 358 illam
801 323 1069 371 suspicionem
1104 320 1284 371 pertulit.
1343 319 1455 368 Quid
1485 324 1531 359 tu

324 388 491 426 autem?
547 388 631 426 “ni
655 388 724 438 μὲν
743 386 915 438 διδόμενα
933 386 1054 425 -”?
1111 386 1280 424 Nullum
1308 388 1418 425 enim
1444 398 1533 425 ver-

324 455 421 492 bum
451 466 476 490 a
506 452 673 503 Sir-egio.
733 453 826 490 Non
856 452 1003 503 placet.
1062 452 1127 490 De
1160 451 1372 499 Plaetorio,
1402 453 1534 491 vicino

324 532 409 567 tuo,
434 518 680 570 permoleste
709 518 787 556 tuli
816 531 1060 569 quemquam
1089 520 1199 568 prius
1225 517 1386 556 audisse
1413 530 1534 570 quam

325 598 402 624 me.
453 584 518 623 De
538 584 638 635 Syro
657 583 893 635 prudenter.
944 583 990 621 L.
1012 583 1239 621 Antonium
1258 596 1332 635 per
1351 582 1535 622 Marcum

326 651 506 697 fratrem,
538 655 586 688 ut
617 650 801 696 arbitror,
834 648 1026 687 facillime
1059 649 1297 687 deterrebis.
1358 648 1535 688 Autroni

326 719 462 762 vetui;
501 716 573 754 sed
603 715 785 754 nondum
817 727 1030 766 acceperas
1059 714 1230 762 litteras,
1262 727 1316 753 ne
1348 716 1534 767 cuiquam

326 785 404 821 nisi
424 782 468 821 L.
492 781 616 820 Fadio
641 781 774 820 aedili.
836 780 968 819 Aliter
987 783 1096 818 enim
1116 794 1194 818 nec
1213 785 1332 819 caute
1351 793 1428 819 nec
1448 782 1535 819 iure

327 850 414 888 fieri
449 853 597 899 potest.
656 846 777 895 Quod
815 847 953 885 scribis
990 847 1066 884 tibi
1104 846 1221 884 desse
1257 845 1330 884 HS
1363 853 1399 894 C,
1431 858 1535 898 quae

329 917 512 954 Ciceroni
540 920 679 952 curata
706 916 802 961 sint,
830 914 948 951 velim
974 914 1025 951 ab
1052 913 1176 951 Erote
1195 925 1377 965 quaeras,
1395 912 1536 952 ubisit

329 995 483 1020 merces
501 980 732 1019 insularum.
791 980 984 1017 Arabioni
1013 978 1065 1017 de
1095 978 1217 1017 Sittio
1244 977 1346 1016 nihil
1375 980 1534 1019 irascor.

332 1049 418 1098 Ego
446 1047 498 1085 de
526 1049 673 1084 itinere
702 1047 779 1084 nisi
812 1045 1014 1096 explicato
1042 1049 1077 1084 A
1105 1044 1207 1082 nihil
1236 1047 1395 1096 cogito3
1427 1043 1535 1096 quod

331 1114 439 1152 idem
457 1114 533 1151 tibi
552 1112 679 1150 videri
699 1117 809 1162 puto.
871 1111 1010 1149 Habes
1029 1110 1081 1148 ad
1100 1113 1358 1161 superiorem.

384 1179 504 1217 Nunc
532 1178 627 1215 audi
654 1177 705 1215 ad
734 1177 915 1215 alteram.
972 1175 1035 1214 Tu
1063 1189 1159 1214 vero
1187 1175 1286 1214 facis
1313 1181 1362 1215 ut
1387 1178 1535 1224 omnia,

330 1244 438 1296 quod
470 1244 662 1282 Serviliae
692 1256 774 1280 non
806 1242 915 1289 dees,
946 1241 989 1280 id
1019 1247 1083 1281 est
1114 1241 1250 1281 Bruto.
1309 1241 1373 1281 De
1395 1244 1537 1294 regina

330 1311 488 1362 gaudeo
516 1315 559 1347 te
588 1322 669 1346 non
699 1308 891 1354 laborare,
921 1312 1071 1346 testem
1105 1310 1229 1346 etiam
1256 1308 1332 1346 tibi
1365 1307 1534 1359 probari.

332 1377 465 1414 Erotis
485 1378 659 1413 rationes
680 1380 723 1412 et
743 1387 792 1412 ex
813 1374 960 1411 Tirone
981 1376 1151 1424 cognovi
1170 1378 1215 1412 et
1233 1376 1369 1412 vocavi
1391 1376 1533 1425 ipsum.

332 1440 629 1484 Gratissimum,
666 1436 774 1488 quod
817 1436 1018 1487 polliceris
1063 1435 1245 1474 Ciceroni
1282 1435 1384 1474 nihil
1420 1434 1536 1475 defu-

331 1511 467 1544 turum
483 1517 491 1549 ;
511 1504 563 1541 de
579 1517 658 1554 quo
672 1502 868 1540 mirabilia
885 1502 1086 1549 Messalla,
1098 1505 1167 1553 qui
1185 1502 1364 1540 Lanuvio
1375 1501 1537 1542 rediens

330 1572 381 1609 ab
399 1569 479 1608 illis
498 1571 612 1607 venit
630 1568 681 1606 ad
702 1581 781 1615 me,
808 1573 851 1606 et
877 1567 1111 1605 mehercule
1139 1569 1263 1618 ipsius
1290 1566 1454 1607 litterae
1479 1570 1536 1607 sic

332 1642 375 1675 et
403 1636 669 1686 φιλοστόργως
698 1639 741 1672 et
768 1633 1024 1683 πεπινωμένως
1052 1634 1239 1683 scriptae,
1260 1637 1307 1670 ut
1325 1645 1393 1671 eas
1411 1633 1476 1672 vel
1493 1635 1536 1672 in

331 1703 480 1740 acroasi
499 1699 671 1738 audeam
696 1698 844 1749 legere.
904 1697 997 1745 Quo
1016 1700 1143 1749 magis
1163 1697 1221 1735 illi
1241 1697 1536 1749 indulgendum

331 1772 441 1819 puto.
497 1765 561 1803 De
583 1764 790 1802 Buciliano
809 1762 986 1802 Sestium
1007 1768 1106 1814 puto
1126 1776 1207 1800 non
1227 1763 1398 1802 moleste
1416 1763 1533 1804 ferre.

331 1833 433 1884 Ego,
452 1834 484 1870 si
504 1831 598 1868 Tiro
618 1829 668 1867 ad
687 1842 766 1876 me,
787 1832 922 1880 cogito
941 1831 983 1866 in
1002 1828 1286 1866 Tusculanum.
1344 1828 1406 1868 Tu
1428 1841 1536 1878 vero,

331 1896 523 1951 quicquid
543 1898 634 1943 erit,
653 1894 761 1947 quod
781 1908 847 1932 me
867 1897 968 1932 scire
989 1907 1062 1945 par
1079 1896 1147 1942 sit,
1165 1896 1314 1932 statim.

374 1988 385 2008 ¹
410 1989 440 2020 A
473 1984 623 2029 proverb
658 1983 885 2027 presumably
914 1983 1045 2025 ending
1075 1980 1201 2024 ἀνάγκη
1231 1984 1396 2024 δέχεσθαι,
1433 1985 1536 2017 “one

332 2035 426 2064 must
441 2033 508 2073 put
524 2039 572 2071 up
588 2027 713 2067 with‚”
729 2038 768 2060 or
783 2027 984 2069 something
999 2027 1144 2059 similar.

374 2075 388 2095 ²
410 2074 444 2107 Ii
473 2079 500 2106 A
528 2071 653 2105 stands
681 2071 737 2104 for
765 2071 915 2112 λοίπφ--τ
933 2070 1090 2113 reliquiis
1130 2069 1347 2110 “balance,”
1385 2081 1425 2103 as
1462 2082 1535 2104 was

332 2116 520 2162 suggested
535 2116 582 2159 by
598 2114 805 2148 Gronovius.

333 2167 410 2202 342
