1572 2378
580 150 806 189 MARCUS
845 150 1090 188 TULLIUS
1128 150 1330 189 CICERO

349 239 388 277 Ο
408 242 572 290 negotia
587 253 667 276 non
690 238 881 276 ferenda!
912 251 1015 290 quae
1034 237 1222 277 feruntur
1236 244 1386 277 tamen.
1434 239 1554 279 Τῶνδε

348 306 470 344 αἰτίαν
487 307 560 344 τῶν
580 306 755 356 Βρούτων
773 306 829 346 τίς
848 305 924 356 ἔχει
936 322 948 349 ,-
976 304 1026 342 In
1041 304 1277 352 Octaviano,
1293 309 1340 343 ut
1354 307 1552 356 perspexi,

348 373 444 408 satis
472 372 640 421 ingenii,
669 372 765 408 satis
794 372 930 416 animi,
951 369 1245 421 videbaturque
1274 382 1371 420 erga
1398 374 1554 410 nostros

347 437 469 486 ἥρωας
495 439 553 474 ita
572 436 670 482 fore,
691 441 738 474 ut
757 449 830 474 nos
850 435 1057 483 vellemus,
1079 438 1291 475 animatus.
1350 435 1432 475 Sed
1456 436 1552 488 quid

346 504 473 539 aetati
502 501 751 540 credendum
780 504 845 548 sit,
875 501 971 552 quid
1001 503 1164 548 nomini,
1196 501 1294 553 quid
1323 501 1550 549 hereditati,

348 567 447 618 quid
476 568 693 620 κατηχήσει,
722 569 860 617 magni
883 567 1038 604 consilii
1063 572 1137 605 est.
1195 567 1370 606 Vitricus
1389 567 1554 619 quidem

347 632 449 670 nihil
478 634 696 678 censebat;
725 646 846 684 quem
872 633 1046 670 Asturae
1066 632 1248 671 vidimus.
1306 632 1388 671 Sed
1416 637 1554 672 tamen

346 698 516 736 alendus
537 704 611 746 est,
633 704 688 745 et,
709 703 756 736 ut
778 698 879 736 nihil
904 698 1023 744 aliud,
1050 698 1101 736 ab
1131 689 1311 736 Antonio
1339 701 1555 751 seiungen-

347 764 433 803 dus.
493 764 710 802 Marcellus
729 765 946 814 praeclare,
968 767 998 802 si
1023 766 1222 814 praecipit
1244 769 1383 803 nostro
1404 769 1550 804 nostra

348 830 419 867 Cui
458 830 621 880 quidem
661 829 730 867 ille
768 829 931 867 deditus
970 829 1066 866 mihi
1107 829 1330 867 videbatur.
1403 829 1553 869 Pansae

345 901 483 933 autern
504 901 547 933 et
578 895 714 934 Hirtio
734 909 815 932 non
836 898 953 932 nimis
983 894 1187 933 credebat.
1247 895 1357 933 Bona
1384 894 1554 943 indoles,

349 959 411 997 ἐὰν
430 959 605 1010 διαμείνῃ.

744 1199 883 1223 CICERO
913 1198 1052 1224 A'r‘mco
1080 1199 1159 1226 ul..

63 1269 138 1306 Ser.
161 1268 199 1306 in
402 1281 470 1307 vm
498 1269 584 1307 Kal.
609 1269 708 1307 duas
733 1283 756 1306 a
784 1274 827 1307 te
856 1272 993 1319 accepi
1023 1269 1228 1319 epistulas.
1289 1269 1554 1322 Respondebo

66 1324 99 1360 Ρ
100 1323 266 1362 ¹1¹⁶⁰la⁷1⁰
345 1338 470 1385 igitur
508 1337 629 1386 priori
667 1338 786 1386 prius.
852 1335 1073 1372 Adsentior
1109 1336 1197 1382 tibi,
1235 1340 1281 1375 ut
1317 1349 1394 1375 nec
1429 1335 1554 1376 duces

70 1377 173 1466 <LIII
190 1377 238 1415 K·
274 1433 328 1470 10
345 1404 468 1438 simus
487 1414 564 1438 nec
583 1414 730 1451 agmen
752 1414 955 1451 cogamus,
973 1401 1178 1439 faveamus
1193 1407 1341 1441 tamen.
1394 1402 1553 1442 Oratio-

67 1461 75 1468 ⁴
104 1445 156 1470 ου’
180 1445 216 1470 α’
252 1434 273 1471 7
344 1480 439 1504 nem
472 1467 546 1504 tibi
582 1469 681 1504 misi.
746 1466 842 1504 Eius
877 1466 1169 1505 custodiendae
1207 1473 1252 1506 et
1287 1464 1552 1519 proferendae

344 1533 553 1570 arbitrium
587 1537 716 1569 tuum.
773 1531 855 1569 Sed
889 1531 1052 1582 quando
1082 1532 1196 1570 illum
1227 1532 1350 1580 diem,
1383 1546 1475 1572 cum
1506 1538 1552 1573 tu

344 1598 545 1636 edendam
566 1598 714 1648 putes?
764 1597 946 1635 Indutias
966 1611 1064 1649 quas
1084 1599 1236 1646 scribis,
1256 1612 1338 1636 non
1356 1599 1554 1652 intellego

344 1663 428 1702 fieri
443 1676 572 1714 posse.
625 1663 771 1700 Melior
787 1668 850 1701 est
865 1664 1186 1714 ἀναντιφωνησία;
1214 1677 1293 1716 qua
1307 1678 1372 1703 me
1388 1677 1551 1704 usurum

342 1730 523 1767 arbitror.
595 1728 713 1775 Quod
754 1729 893 1767 scribis
931 1728 1112 1780 legiones
1150 1729 1250 1768 duas
1295 1730 1552 1770 Brundisium

343 1797 515 1841 venisse,
549 1807 617 1832 vos
650 1797 784 1831 omnia
818 1796 937 1844 prius.
997 1794 1156 1833 Sci-ibes
1190 1797 1329 1846 igitur,
1360 1795 1556 1849 quicquid.

341 1860 527 1898 audieris.
592 1859 780 1897 Varronis
820 1860 998 1911 διάλογον
1035 1865 1240 1911 exspecto.
1302 1860 1388 1899 Iam
1424 1861 1551 1912 probo

341 1924 630 1976 Ἠρακλείδειον,
656 1927 895 1974 praesertim
924 1938 1016 1963 cum
1043 1930 1089 1963 tu
1119 1930 1236 1964 tanto
1264 1939 1386 1977 opere
1415 1925 1549 1966 delec-

386 2035 398 2054 ¹
422 2033 496 2066 'rho
519 2033 649 2066 Second
675 2033 864 2075 Philippic,
883 2044 929 2066 an
952 2044 1088 2066 answer
1109 2038 1147 2067 to
1169 2035 1344 2078 Antony's
1365 2035 1492 2079 npeeoh
1512 2036 1550 2069 oi

340 2077 547 2119 September
565 2078 616 2117 19,
635 2087 742 2110 never
757 2077 914 2120 actually
930 2076 1109 2111 delivered
1131 2077 1177 2121 by
1195 2077 1327 2113 cicero.

341 2126 418 2160 328
