1572 2378
32 1246 111 1286 Ser.
131 1246 170 1285 in
190 1247 303 1300 Arpi-

32 1301 112 1339 nati
138 1301 227 1354 prid
252 1302 300 1339 K.

32 1361 96 1394 aut
110 1355 158 1396 K.
176 1355 300 1400 Quint.

32 1424 67 1450 α.
93 1412 169 1450 709

551 147 778 187 MARCUS
816 146 1062 187 TULLIUS
1100 146 1301 186 CICERO

320 236 426 275 forte
455 239 639 275 mutavit.
698 236 786 275 Nec
816 241 880 275 est
908 236 1054 275 melius
1081 237 1297 288 quicquam
1326 247 1448 288 quam
1479 240 1527 275 ut

321 299 522 338 Lucilius:

320 382 345 400 “
359 378 566 417 Sustineas
585 391 747 416 currum
759 382 806 416 ut
820 377 950 415 bonus
961 389 1082 428 saepe
1093 379 1270 428 agitator
1280 376 1524 430 equosque.”

319 456 570 508 Semperque
599 456 826 495 Carneades
854 457 1055 507 προβολὴν
1082 456 1231 508 pugilis
1259 461 1304 495 et
1329 459 1527 496 retentio-

319 532 415 558 nem
442 522 605 569 aurigae
634 519 808 557 similem
841 518 939 556 facit
971 520 1101 571 ἐποχῇ.
1161 518 1357 557 Inhibitio
1387 523 1526 558 autem

319 585 518 633 remigum
547 587 703 620 motum
732 581 872 628 habet,
898 587 942 620 et
970 581 1319 620 vehementiorem
1346 581 1527 633 quidem,

319 647 596 696 remigationis
615 658 760 683 navem
784 646 1060 683 convertentis
1078 643 1130 682 ad
1149 647 1330 695 puppim.
1388 644 1526 694 Vides,

318 712 472 759 quanto
500 707 577 745 hoc
604 706 842 757 diligentius
871 720 1008 744 curem
1037 720 1157 758 quam
1186 712 1257 745 aut
1284 706 1338 746 de
1365 720 1526 747 rumore

317 775 389 808 aut
418 769 471 808 de
503 769 695 808 Pollione.
755 769 819 808 De
852 769 979 808 Pansa
1010 772 1147 816 etiam,
1180 772 1214 808 si
1244 769 1341 821 quid
1375 773 1525 811 certius

317 831 457 884 (credo
477 835 585 871 enim
606 833 738 883 palam
758 833 910 870 factum
932 832 1050 882 esse),
1070 832 1123 870 de
1152 831 1345 880 Critonio,
1365 835 1399 871 si
1427 833 1525 886 quid

318 901 395 942 est,
414 895 486 933 sed
505 900 617 934 certe
633 895 646 919 1
668 895 720 933 de
742 894 913 933 Metello
932 900 976 933 et
996 894 1176 932 Balbino.

858 1058 985 1096 XXIa

715 1160 854 1185 CICERO
885 1160 1024 1185 A'r'rlco
1055 1160 1132 1185 sAL.

377 1235 454 1275 Dic
471 1235 585 1283 mihi,
606 1235 793 1286 placetne
813 1236 887 1272 tibi
907 1237 1080 1285 primum
1097 1235 1220 1274 edere
1239 1237 1391 1274 iniussu
1405 1237 1524 1275 meo?

324 1299 416 1336 Hoc
435 1311 487 1336 ne
509 1297 788 1336 Hermodorus
807 1297 972 1349 quidem
992 1297 1181 1344 faciebat,
1199 1300 1232 1336 is
1252 1300 1320 1350 qui
1347 1297 1525 1338 Platonis

321 1362 443 1400 libros
468 1361 609 1399 solitus
636 1366 699 1399 est
725 1360 948 1411 divulgare,
974 1373 1024 1397 ex
1053 1373 1133 1412 quo
1162 1364 1188 1382 “
1198 1361 1371 1412 λόγοισιν
1395 1360 1525 1413 Ἑρμό-

321 1424 473 1475 δωρος.”
542 1423 680 1471 Quid?
723 1423 825 1461 illud
857 1428 1069 1461 rectumne
1101 1425 1307 1462 existimas
1339 1426 1525 1475 cuiquam

318 1492 415 1526 ante
435 1500 555 1538 quam
569 1485 584 1510 ‘²
604 1486 743 1533 Bruto,
759 1489 823 1524 cui
843 1491 886 1524 te
901 1491 1066 1524 auctore
1081 1487 1323 1537 προσφωνῶἰ
1357 1486 1527 1539 Scripsit

319 1552 428 1588 enim
459 1549 607 1587 Balbus
634 1548 686 1586 ad
715 1561 781 1586 me
810 1561 853 1586 se
882 1562 906 1585 a
933 1553 978 1586 te
1007 1550 1195 1599 quintum
1224 1548 1315 1587 “de
1343 1547 1488 1588 finibus
1501 1549 1522 1562 ’'

317 1613 463 1651 librum
485 1612 766 1662 descripsisse3
796 1614 838 1648 in
858 1624 938 1662 quo
967 1624 1050 1648 non
1077 1623 1174 1649 sane
1202 1611 1332 1649 multa
1358 1614 1524 1660 mutavi,

318 1676 389 1714 sed
415 1681 555 1714 tamen
574 1674 784 1726 quaedam.
843 1673 906 1711 Tu
925 1679 1064 1711 autem
1084 1673 1295 1712 commode
1315 1673 1473 1722 feceris,
1491 1677 1524 1714 si

316 1739 493 1790 reliquos
513 1740 772 1783 continueris,
786 1750 838 1774 ne
859 1741 902 1775 et
922 1737 1127 1787 ἀδιόρθωτα
1146 1736 1295 1774 habeat
1315 1736 1463 1776 Balbus
1481 1742 1526 1777 et

317 1803 416 1841 ἕωλα
451 1801 610 1839 Brutus.
680 1799 761 1838 Sed
796 1799 896 1837 haec
929 1799 1140 1846 hactenus,
1178 1812 1230 1837 ne
1267 1799 1405 1837 videar
1440 1801 1525 1850 περὶ

315 1866 429 1915 μικρὰ
463 1863 695 1912 σπουδάζειν.
754 1862 841 1900 Etsi
880 1875 988 1899 nunc
1021 1861 1186 1912 quidem
1219 1864 1393 1900 maxima
1424 1861 1522 1901 mihi

315 1931 411 1966 sunt
432 1926 532 1964 haec
548 1938 557 1971 ;
586 1925 684 1977 quid
704 1930 767 1963 est
786 1927 896 1962 enim
915 1924 1053 1962 aliud?

445 2031 455 2051 ¹
480 2035 545 2070 est,
564 2029 624 2062 sed
642 2035 737 2062 certe
763 2029 797 2061 W
799 2029 952 2068 asenberg]
968 2043 975 2062 :
1001 2032 1093 2061 esset
1109 2033 1204 2062 certe
1219 2039 1261 2061 ne
1282 2028 1387 2062 MSS.

443 2073 457 2094 ²
479 2077 562 2106 ante
577 2084 682 2116 quam
699 2073 815 2106 added
830 2072 873 2114 by
897 2072 976 2106 Vicc.

318 2118 393 2159 146
