1572 2378
36 1668 114 1705 Ser.
141 1667 179 1704 in
211 1666 304 1705 Tus—

36 1721 167 1758 culano
185 1721 280 1759 inter

36 1789 60 1812 a
92 1775 128 1813 d.
157 1774 192 1812 V
208 1780 241 1812 et

35 1829 132 1880 prid.
157 1828 252 1867 Non.

37 1882 160 1926 Quint.
176 1897 209 1921 a.
229 1886 305 1923 710

550 171 775 210 MARCUS
815 171 1061 211 TULLIUS
1100 172 1301 212 CICERO

319 262 520 306 miseram,
555 260 749 311 Erotique
783 259 978 307 dixeram,
1010 266 1057 299 ut
1089 264 1311 312 sepositum
1345 261 1524 300 haberet.

322 325 414 362 Non
433 325 554 362 modo
574 339 655 363 non
671 325 770 363 fecit
785 325 858 364 sed
872 328 1123 378 iniquissimo
1142 326 1307 365 faenore
1325 339 1526 366 versuram

319 390 452 429 facere
496 391 685 429 Aurelius
726 397 888 430 coactus
927 397 1001 430 est.
1079 392 1183 430 Nam
1220 392 1274 431 de
1310 391 1527 433 Terentiae

320 459 484 494 nomine
521 457 616 495 Tiro
651 457 705 495 ad
741 470 808 496 me
846 460 1007 508 scripsit
1038 463 1083 496 te
1115 458 1252 497 dicere
1288 470 1474 498 nummos
1504 471 1527 496 a

323 521 533 560 Dolabella
551 521 649 562 fore.
702 522 811 561 Male
831 536 925 561 eum
944 522 1067 562 credo
1085 523 1350 570 intellexisse,
1369 525 1402 562 si
1421 525 1527 576 quis·

319 602 440 640 quam
467 588 573 626 male
603 588 822 640 intellegit,
852 591 987 640 potius
1016 589 1119 626 nihil
1146 588 1408 628 intellexisse.
1465 588 1526 628 Tu

320 657 429 692 enim
461 654 513 692 ad
544 667 611 692 me
643 657 834 705 scripsisti
874 654 1016 692 Coccei
1055 668 1291 707 responsum
1325 660 1370 694 et
1400 653 1527 694 isdem

320 734 449 771 paene
488 721 619 759 verbis
659 721 769 760 Eros.
832 721 1091 759 Veniendum
1130 726 1194 761 est
1232 723 1358 772 igitur
1389 720 1454 760 vel
1487 723 1526 760 in

319 789 446 837 ipsam
466 786 677 825 flammam.
734 786 908 837 Turpius
937 791 1001 824 est
1028 788 1138 824 enim
1168 789 1356 838 privatim
1385 785 1528 826 cadere

319 865 440 903 quam
459 851 632 902 publice.
693 851 838 903 Itaque
867 854 1015 890 ceteris
1043 852 1095 890 de
1122 853 1256 900 rebus,
1275 865 1374 903 quas
1392 851 1445 891 ad
1462 865 1527 892 me

321 920 566 955 suavissume
595 919 804 968 scripsisti,
823 918 1063 968 perturbato
1081 920 1217 956 animo
1235 930 1318 956 non
1337 919 1464 969 potui,
1483 922 1530 956 ut

321 995 569 1030 consueram,
589 983 821 1021 rescribere.
882 983 1075 1022 Consenti
1099 982 1174 1021 hac
1197 983 1322 1031 cura,1
1341 983 1410 1022 ubi
1429 995 1530 1031 sum,

323 1054 368 1087 ut
386 1062 452 1086 me
473 1048 711 1100 expediam3
740 1049 886 1100 quibus
906 1054 1045 1087 autem
1065 1050 1199 1097 rebus,
1223 1051 1338 1087 venit
1365 1048 1529 1101 quidem

321 1114 422 1152 mihi
440 1102 483 1151 in
502 1119 699 1160 mentem,
718 1114 791 1152 sed
818 1116 919 1153 certi
948 1117 1198 1153 constituere
1226 1113 1328 1152 nihil
1356 1126 1531 1166 possum,

322 1181 432 1230 prius
462 1192 582 1230 quam
609 1184 653 1217 te
681 1179 829 1218 videro.
889 1178 970 1227 Qui
1000 1181 1134 1218 minus
1162 1184 1300 1218 autem
1333 1192 1412 1231 ego
1439 1181 1527 1219 istic

322 1248 435 1282 recte
455 1256 543 1281 esse
566 1246 728 1294 possim,
748 1257 869 1295 quam
895 1249 959 1282 est
985 1244 1230 1283 Marcellus?
1286 1244 1369 1284 Sed
1388 1257 1471 1284 non
1490 1245 1531 1284 id

323 1311 469 1359 agitur,
500 1321 634 1360 neque
665 1308 707 1347 id
736 1311 910 1347 maxime
941 1323 1058 1353 curo;
1097 1309 1194 1361 quid
1225 1323 1376 1358 curem,
1406 1308 1530 1350 vides

328 1373 481 1412 Adsum
500 1377 636 1424 igitur.

880 1489 975 1527 XVI

608 1589 748 1615 menno
777 1591 848 1614 SUO
877 1590 953 1615 SAL.
988 1590 1063 1615 mc.
1096 1589 1246 1616 AT'rlco,

380 1665 690 1703 Iucundissimas
731 1671 822 1703 tuas
867 1665 949 1715 legi
992 1665 1159 1703 litteras.
1226 1666 1293 1704 Ad
1338 1666 1528 1705 Plancum

323 1729 475 1778 scripsi,
503 1730 604 1766 misi.
665 1728 804 1766 Habes
834 1728 1078 1778 exemplum.
1136 1728 1238 1766 Cum
1257 1728 1405 1767 Tirone
1431 1729 1528 1782 quid

323 1795 376 1831 sit
412 1793 584 1839 locutus,
622 1806 861 1844 cognoscam
897 1806 947 1831 ex
980 1795 1078 1844 ipso.
1138 1794 1240 1832 Cum
1270 1807 1404 1833 sorore
1432 1807 1530 1847 ages

322 1861 533 1904 attentius,
554 1861 586 1896 si
606 1863 650 1897 te
669 1861 937 1910 occupatione
957 1861 1034 1897 ista
1054 1858 1256 1898 relaxaris.

366 1945 379 1966 ¹
400 1946 561 1979 consenti
586 1945 653 1980 hac
671 1957 756 1979 cura
784 1946 921 1988 Tyrrell
933 1960 942 1981 ι
967 1948 1127 1980 consenti
1140 1937 1187 1981 ¹in
1210 1948 1276 1981 hac
1298 1959 1384 1982 eura
1405 1948 1527 1983 MSS:

321 1989 497 2023 contendo
512 1990 649 2023 Astura
673 1990 813 2024 G'urlitc.

321 2151 400 2191 426
