1572 2378
38 945 116 984 Scr.
142 959 180 982 m
213 944 307 982 Tus-

38 999 170 1037 culano
190 998 262 1036 III

42 1053 139 1092 Non.
165 1053 247 1091 Iun.
269 1066 304 1091 a.

43 1109 119 1147 709

548 153 775 192 MARCUS
813 154 1059 194 TULLIUS
1099 155 1301 195 CICERO

320 242 429 278 enim
459 241 618 279 curules
655 244 914 292 magistratus
944 255 1038 281 eum
1068 242 1262 293 legitimis
1290 247 1406 282 annis
1435 257 1520 296 per-

320 302 438 341 facile
458 307 624 354 cepisse.
683 304 935 343 Postumium
962 311 1114 354 autem,
1143 309 1256 346 cuius
1283 312 1459 346 statuam
1482 309 1523 346 in

323 365 478 403 Isthmo
514 369 746 405 meminisse
785 373 828 406 te
866 367 979 414 dicis,
1013 369 1245 407 nesciebam
1281 369 1416 408 fuisse.
1485 369 1525 409 Is

320 433 458 466 autem
487 434 564 476 est,
591 432 661 480 qui
688 442 765 467 cos.
796 443 888 467 cum
922 429 966 468 L.
999 430 1169 468 Lucullo
1197 430 1298 477 fuit3
1330 444 1454 483 quem
1478 436 1523 470 tu

322 490 422 527 mihi
439 490 633 529 addidisti
651 505 748 530 sane
767 492 817 530 ad
837 492 952 530 illum
978 494 1175 545 σύλλογον
1201 506 1413 544 personam
1440 493 1527 533 ido-

321 565 451 591 neam.
499 552 664 591 Videbis
684 557 820 605 igitur,
840 557 873 592 si
892 557 1057 606 poteris,
1077 559 1248 603 ceteros,
1267 561 1315 595 ut
1330 557 1527 608 possimus

320 618 538 667 πομπεῦσαι
556 616 617 656 καὶ
635 619 713 659 τοῖς
732 618 960 669 προσώποις.

831 779 1020 817 XXXIII

721 871 861 896 CICERO
891 871 1031 896 ATTICO
1058 871 1136 898 SAL.

380 938 418 977 O
455 939 762 990 neglegentiam
805 940 971 977 miram!
1046 939 1238 978 Semelne
1274 946 1393 992 putas
1428 941 1529 981 mihi

323 1000 473 1040 dixisse
501 1001 672 1040 Balbum
701 1007 745 1040 et
774 1001 987 1039 Faberium
1015 1001 1305 1052 professionem
1333 1003 1529 1044 relatam?

325 1067 394 1116 qui
414 1066 536 1103 etiam
558 1077 696 1102 eorum
715 1067 824 1102 iussu
843 1067 1034 1112 miserim,
1054 1068 1123 1116 qui
1142 1065 1411 1116 profiteretur.
1465 1067 1530 1106 Ita

325 1130 436 1166 enim
471 1133 660 1179 oportere
696 1127 899 1167 dicebant.
960 1127 1166 1166 Professus
1195 1133 1259 1167 est
1293 1128 1530 1169 Philotimus

323 1190 505 1229 libertus.
564 1190 694 1237 Nosti,
732 1190 868 1238 credo,
905 1189 1122 1228 librarium.
1181 1189 1263 1229 Sed
1300 1192 1452 1231 scribes
1486 1198 1531 1232 et

323 1253 489 1304 quidem
526 1252 770 1291 confectum.
829 1252 896 1291 Ad
935 1252 1162 1300 Faberium,
1195 1258 1244 1292 ut
1273 1254 1349 1292 tibi
1382 1254 1531 1306 placet,

323 1316 480 1354 litteras
499 1318 602 1363 misi,
623 1329 715 1353 cum
737 1315 862 1353 Balbo
881 1321 1018 1353 autem
1039 1321 1138 1366 puto
1158 1321 1200 1354 te
1219 1315 1372 1368 aliquid
1387 1316 1531 1358 fecisse

323 1378 473 1416 hodie1
515 1381 559 1416 in
601 1378 810 1429 Capitolio.
881 1378 927 1415 In
968 1377 1147 1428 Vergilio
1184 1377 1283 1416 mihi
1320 1379 1432 1418 nulla
1468 1386 1532 1420 est

323 1442 504 1480 δυσωπία.
563 1441 651 1479 Nec
689 1443 797 1478 enim
837 1443 922 1478 eius
959 1453 1078 1478 causa
1110 1454 1207 1479 sane
1236 1440 1380 1489 debeo,
1411 1447 1468 1491 et,
1497 1446 1532 1484 si

324 1517 474 1550 emero,
493 1503 591 1554 quid
618 1505 708 1550 erit,
735 1503 843 1554 quod
872 1503 1080 1554 postulet?
1137 1502 1219 1542 Sed
1238 1503 1406 1553 videbis,
1426 1518 1480 1544 ne
1497 1508 1532 1545 is

324 1572 413 1605 tum
432 1568 485 1604 sit
503 1568 546 1603 in
565 1565 704 1603 Africa
722 1571 769 1603 ut
789 1565 958 1603 Caelius.

380 1629 444 1667 De
463 1631 627 1666 nomine
646 1633 692 1666 tu
713 1628 868 1666 videbis
896 1641 988 1666 cum
1017 1628 1174 1678 Cispio;
1202 1627 1288 1674 sed,
1307 1631 1340 1667 si
1361 1628 1532 1669 Plancus

324 1691 517 1738 destinat,
549 1695 639 1740 tum
676 1690 802 1728 habet
838 1702 903 1728 res
939 1689 1230 1729 difficultatem.
1289 1690 1348 1728 Te
1380 1690 1433 1729 ad
1463 1704 1531 1730 me

326 1757 462 1792 venire
500 1758 673 1805 uterque
712 1758 895 1791 nostrum
933 1755 1070 1803 cupit3
1112 1752 1184 1790 sed
1215 1755 1291 1791 ista
1323 1765 1387 1791 res
1418 1753 1532 1797 nullo

324 1817 445 1855 modo
474 1815 741 1867 relinquenda
772 1821 845 1854 est.
904 1815 1113 1853 Othonem
1133 1814 1242 1867 quod
1260 1828 1396 1866 speras
1414 1829 1531 1868 posse

482 1891 496 1911 ²
518 1891 622 1924 hodie
639 1890 786 1924 Bosiue:
812 1890 859 1923 H.
880 1890 1002 1924 MSS:
1028 1890 1131 1923 fuisti
1146 1891 1239 1923 enim
1255 1890 1404 1924 Elmore.

370 1996 384 2016 ¹
406 1994 569 2038 Possibly
584 2005 606 2027 a
621 1997 815 2027 statement
838 1993 876 2026 of
898 1994 1034 2026 income
1056 1992 1178 2026 before
1193 1992 1256 2026 the
1270 1995 1357 2026 next
1381 2003 1530 2032 censum

325 2037 839 2116 groplpsszpesrisgmteofgffissgty
857 2038 894 2070 in
917 2036 979 2071 the
1002 2036 1242 2069 transfer-enee
1257 2035 1296 2069 of
1316 2046 1338 2069 a.
1360 2035 1447 2070 debt
1461 2036 1531 2070 due

332 2128 406 2169 176
