1572 2378
566 153 793 193 MARCUS
831 153 1075 193 TULLIUS
1112 153 1312 192 CICERO

335 243 373 281 Ο
394 242 656 281 Academiam
675 242 889 281 volaticam
913 247 958 281 et
985 244 1047 281 sui
1075 241 1269 280 similem!
1298 241 1420 281 modo
1445 241 1538 288 huc,

335 307 455 345 modo
475 307 583 346 illuc.
641 307 733 354 Sed,
756 321 919 359 quaeso,
937 307 1111 359 epistula
1134 321 1227 347 mea
1246 307 1299 347 ad
1318 307 1539 347 Varronem

335 373 506 412 valdene
529 375 604 412 tibi
627 373 807 424 placuit?
865 373 974 411 Male
996 376 1052 410 mi
1075 376 1141 420 sit,
1160 376 1193 412 si
1215 387 1406 425 umquam
1428 375 1537 426 quic·

334 452 456 490 quam
483 444 568 477 tam
597 441 740 478 enitar.
798 439 907 490 Ergo
935 452 988 477 ne
1017 438 1154 477 Tironi
1183 439 1350 491 quidem
1376 438 1539 485 dictavi,

337 506 405 555 qui
425 509 533 543 totas
550 505 727 556 περιοχὰς
747 506 935 555 persequi
954 503 1072 552 solet,
1090 504 1162 543 sed
1185 504 1403 556 Spintharo
1421 504 1540 557 sylla-

339 570 476 608 batim.

868 717 1003 755 XXVI

733 813 873 838 cronno
902 811 1044 839 A’rnco
1072 812 1150 838 su..

56 885 136 924 Sor.
160 884 199 923 in
226 884 321 923 Tus-
393 884 458 923 De
478 883 632 935 Vergili
651 888 766 934 parte
786 883 903 921 valde
924 883 1060 933 probo.
1109 881 1176 921 Sic
1193 895 1291 934 ages
1309 885 1444 934 igitur.
1489 882 1544 922 Et

53 939 184 978 culmw
199 939 300 1001 Brid-
339 950 504 1001 quidem
523 949 566 988 id
586 952 664 988 erit
686 952 873 1000 primum,
902 951 1129 999 proximum
1156 948 1331 987 Clodiae.
1389 947 1544 996 Quodsi

56 994 112 1032 Id·
134 994 232 1032 Μαι·
254 1008 288 1032 α·
340 1022 544 1063 neutrum,
571 1021 724 1063 metuo,
752 1028 806 1054 ne
834 1016 995 1054 turbem
1023 1020 1068 1053 et
1094 1017 1251 1053 inruam
1281 1017 1324 1052 in
1354 1014 1541 1053 Drusum.

58 1049 133 1088 709
341 1083 624 1133 Intemperans
652 1095 740 1120 sum
768 1083 811 1118 in
840 1084 926 1138 eius
950 1083 1006 1119 rei
1027 1080 1265 1131 cupiditate,
1284 1093 1404 1132 quam
1423 1082 1541 1120 nosti.

340 1149 484 1200 Itaque
503 1147 686 1186 revolvor
706 1146 934 1185 identidem
962 1149 1005 1184 in
1032 1146 1316 1186 Tusculanum.
1374 1145 1544 1194 Quidvis

338 1217 447 1252 enim
466 1215 614 1264 potius,
632 1226 754 1264 quam
775 1218 821 1251 ut
840 1225 923 1250 non
942 1211 1018 1250 hac
1036 1217 1193 1250 aestate
1212 1211 1452 1250 absolvatur.

392 1279 494 1330 Ego,
513 1284 560 1317 ut
578 1284 740 1329 tempus
760 1283 824 1317 est
842 1283 1038 1325 nostrum,
1057 1277 1192 1316 locum
1218 1276 1349 1315 habeo
1372 1276 1544 1324 nullum,

340 1347 407 1384 ubi
436 1344 592 1382 facilius
623 1357 710 1382 esse
743 1346 891 1395 possim
923 1357 1042 1394 quam
1074 1343 1258 1381 Asturae.
1317 1342 1411 1390 Sed,
1437 1345 1544 1395 quia,

339 1414 408 1463 qui
426 1424 586 1449 mecum
606 1415 714 1456 sunt,
734 1409 867 1456 credo,
892 1409 1000 1461 quod
1028 1411 1272 1447 maestitiam
1300 1421 1433 1447 meam
1461 1421 1543 1446 non

339 1477 489 1523 ferunt,
523 1476 687 1514 domum
721 1480 954 1526 properant,
986 1477 1064 1513 etsi
1101 1480 1283 1525 poteram
1322 1487 1542 1522 remanere,

337 1547 490 1589 tamen,
520 1546 567 1579 ut
596 1543 735 1591 scripsi
765 1541 854 1587 tibi,
885 1540 1111 1591 proficiscar
1147 1539 1255 1587 hinc,
1289 1552 1342 1577 ne
1379 1539 1544 1578 relictus

339 1608 486 1646 videar.
545 1606 637 1654 Quo
672 1607 839 1645 autem?
897 1605 1078 1643 Lanuvio
1114 1618 1238 1643 conor
1273 1604 1464 1656 equidem
1500 1606 1544 1643 in

338 1672 621 1712 Tusculanum.
680 1671 761 1710 Sed
787 1670 930 1709 faciam
960 1676 1003 1709 te
1033 1673 1170 1709 statim
1199 1672 1424 1709 certiorem.
1480 1669 1543 1708 Tu

338 1739 495 1777 litteras
514 1737 711 1776 conficies.
770 1736 970 1789 Equidem
997 1736 1190 1775 credibile
1217 1749 1300 1774 non
1328 1740 1392 1774 est
1418 1748 1544 1788 quan-

339 1811 426 1842 tum
442 1804 625 1849 scribam,
641 1805 738 1854 quin
755 1805 878 1841 etiam
893 1803 1091 1840 noctibus.
1141 1801 1254 1839 Nihil
1273 1803 1383 1840 enim
1402 1803 1541 1840 somni.

343 1870 445 1908 Heri
473 1871 597 1908 etiam
626 1868 739 1906 effeci
769 1867 984 1918 epistulam
1005 1867 1056 1905 ad
1077 1867 1312 1913 Caesarem3
1341 1867 1416 1905 tibi
1435 1869 1545 1906 enim

340 1935 536 1986 placebat.
595 1932 728 1981 Quam
747 1946 830 1971 non
849 1932 928 1971 fuit
946 1932 1097 1970 malum
1116 1932 1248 1979 scribi,
1269 1934 1302 1970 si
1321 1931 1426 1970 forte
1445 1944 1545 1983 opus

384 2045 395 2065 ¹
420 2045 509 2078 Like
524 2044 675 2078 Cicero's
691 2044 849 2084 treatise,
869 2043 983 2076 which
1001 2043 1071 2076 had
1094 2043 1240 2086 already
1255 2043 1344 2077 been
1360 2043 1544 2077 rewritten

340 2090 464 2122 twice:
490 2089 531 2121 ot.
554 2097 636 2120 xm.
662 2089 711 2120 16.

345 2132 420 2171 160
