1572 2378
25 814 105 853 Scr.
128 813 168 853 in
197 813 294 853 Tus-

25 868 157 908 culano
175 868 214 907 X
242 868 290 906 K.

30 923 108 962 Iun.
128 937 163 962 a.
189 924 267 963 709

615 389 670 427 Μ.
710 389 882 428 TULLI
922 389 1216 430 CICERONIS

511 442 911 482 EPISTULARUM
952 444 1032 482 AD
1070 445 1320 484 ATTICUM

552 497 717 535 LIBER
754 497 992 537 TERTIUS
1031 499 1283 539 DECIMUS

907 653 925 691 1

761 746 901 772 CICERO
932 746 1072 772 ATTxco

364 812 431 851 Ad
474 813 710 852 Ciceronem
747 815 806 851 ita
841 815 1048 864 scripsisti,
1085 818 1134 852 ut
1169 826 1304 865 neque
1341 814 1518 852 severius

309 897 444 936 neque
472 887 740 935 temperatius
767 885 887 922 scribi
916 886 1109 935 potuerit,
1132 897 1210 922 nec
1234 886 1364 936 magis
1395 896 1518 937 quem

308 955 361 994 ad
380 955 545 994 modum
564 969 642 1007 ego
659 958 834 994 maxime
854 955 1028 1002 vellem;
1056 955 1371 1006 prudentissime
1394 957 1518 994 etiam

308 1026 360 1064 ad
379 1026 543 1065 Tullios.
603 1026 739 1074 Quare
757 1032 830 1065 aut
849 1029 926 1065 ista
945 1025 1172 1077 proficient,
1189 1030 1262 1065 aut
1285 1025 1396 1064 aliud
1423 1039 1518 1079 aga-

309 1111 407 1137 mus.
467 1098 532 1137 De
560 1101 733 1150 pecunia
762 1111 855 1136 vero
883 1098 1002 1136 video
1029 1111 1053 1135 a
1080 1102 1124 1136 te
1152 1110 1316 1136 omnem
1343 1097 1517 1150 diligen-

306 1172 405 1208 tiam
424 1170 610 1208 adhiberi
628 1169 693 1208 vel
712 1172 847 1221 potius
875 1172 956 1207 iam
983 1168 1208 1207 adhibitam
1237 1181 1337 1208 esse.
1395 1168 1516 1217 Quod

305 1244 338 1280 si
358 1241 493 1288 efficis,
512 1254 537 1279 a
555 1246 600 1280 te
618 1240 758 1279 hortos
778 1241 947 1280 habebo.
1007 1240 1095 1278 Nec
1114 1253 1211 1278 vero
1229 1239 1358 1279 ullum
1385 1253 1515 1292 genus
1568 1248 1572 1257 ‘

306 1314 567 1364 possessionis
587 1317 662 1359 est,
682 1312 791 1363 quod
813 1311 964 1358 malim,
984 1314 1159 1349 maxime
1178 1311 1334 1350 scilicet
1353 1312 1405 1350 ob
1424 1325 1513 1350 eam

305 1397 479 1431 causam,
498 1397 602 1436 quae
622 1389 810 1434 suscepta
829 1388 915 1428 est3
945 1385 1058 1421 euius
1079 1382 1386 1422 festinationem
1414 1383 1512 1422 mihi

305 1455 427 1502 tollis,
447 1458 637 1507 quoniam
656 1455 709 1493 de
728 1460 885 1493 aestate
905 1454 1106 1506 polliceris
1121 1454 1186 1493 vel
1205 1457 1340 1506 potius
1354 1457 1509 1506 recipis.

308 1526 468 1565 Deinde
498 1529 621 1565 etiam
639 1526 691 1564 ad
711 1526 944 1575 καταβίωσιν
971 1528 1298 1578 maestitiamque
1326 1529 1512 1565 minuen-

304 1597 397 1635 dam
417 1596 518 1634 nihil
538 1596 638 1634 mihi
657 1599 824 1647 reperiri
850 1601 987 1647 potest
1005 1598 1162 1647 aptius3
1190 1598 1303 1634 cuius
1321 1598 1381 1635 rei
1399 1599 1510 1649 cupi-

301 1668 406 1707 ditas
425 1668 601 1719 impellit
618 1681 685 1707 me
705 1668 925 1714 interdum,
946 1673 993 1706 ut
1010 1673 1054 1706 te
1074 1667 1225 1706 hortari
1243 1668 1377 1707 velim.
1425 1667 1507 1707 Sed

300 1752 366 1776 me
398 1740 484 1789 ipse
514 1750 681 1783 revoco3
723 1750 806 1775 non
837 1740 947 1775 enim
976 1736 1132 1784 dubito,
1160 1739 1272 1789 quin,
1303 1737 1412 1789 quod
1439 1751 1507 1777 me
1569 1773 1571 1775 ,

300 1809 417 1847 valde
455 1808 561 1847 velle
599 1814 731 1859 putes,
762 1811 806 1846 in
839 1821 888 1846 eo
924 1813 971 1846 tu
1008 1821 1075 1847 me
1111 1811 1244 1859 ipsum
1281 1808 1506 1860 cupiditate

298 1883 445 1918 vincas.
505 1880 648 1931 Itaque
667 1882 771 1918 istuc
790 1882 868 1917 iam
889 1893 961 1930 pro
980 1879 1088 1918 facto
1106 1879 1247 1918 habeo.

352 1951 568 2002 Exspecto,
589 1950 687 2002 quid
706 1953 793 1989 istis
812 1950 972 2001 placeat
998 1950 1051 1989 de
1079 1950 1254 2002 epistula
1280 1950 1332 1989 ad
1361 1951 1503 1991 Caesa-

297 2033 394 2059 rem.
454 2021 589 2059 Nicias
607 2026 664 2067 te,
684 2026 731 2059 ut
753 2020 892 2067 debet,
920 2025 1029 2058 amat
1056 2020 1403 2072 vehementerque
1431 2027 1502 2061 tua

296 2094 356 2128 sui
376 2094 569 2131 memoria
587 2091 827 2130 delectatur.
886 2091 973 2141 Ego
1003 2104 1096 2129 vero
1127 2091 1380 2130 Peducaeum
1409 2105 1500 2131 nos·

300 2155 373 2190 108
