1572 2378
572 187 654 224 MA
663 187 800 226 RCUS
838 188 1083 227 TULLIUS
1121 189 1322 228 CICERO

880 325 1011 363 xlua

743 420 883 445 CICERO
912 420 1053 446 ATTICO
1082 422 1123 447 SA
1129 421 1160 448 1,.

61 498 138 537 507·
160 496 299 548 Aqm'm
400 489 438 528 O
459 502 593 527 casum
622 490 857 528 mirificum!
914 503 938 529 v
967 491 1064 529 Idus
1092 505 1182 529 cum
1211 498 1308 531 ante
1336 493 1471 531 lucem
1496 492 1550 533 de

62 550 124 589 IV
140 551 198 589 Id.
230 550 324 589 Nov
346 554 589 593 Sinuessano
608 558 868 593 surrexissem
887 559 1168 608 venissemque
1188 557 1367 596 diluculo
1384 558 1437 596 ad
1455 564 1551 610 ροη-

62 619 94 645 ¹⁸·
118 606 195 645 710
345 625 432 658 tem
452 621 657 668 Tirenum,
678 623 746 672 qui
766 626 829 659 est
849 621 1095 670 Menturnis,
1113 625 1155 660 in
1174 635 1254 674 quo
1274 622 1398 662 flexus
1417 628 1482 663 est
1497 621 1551 664 ad

343 689 423 724 iter
456 687 643 737 Arpinas,
677 687 835 724 obviam
869 687 969 725 mihi
1004 687 1049 726 fit
1082 688 1340 735 tabellarius3
1381 691 1452 742 qui
1482 703 1554 741 me}>

341 752 512 791 offendit
535 757 557 774 “
570 753 722 805 δολιχὸν
749 754 869 792 πλόον
898 754 1162 804 ὄρμαίνοντα.”
1221 755 1278 793 At
1306 767 1383 805 ego
1411 743 1572 794 Stat-iln-j

344 818 528 866 “Cedo,”
568 821 747 870 inquam,
786 821 855 856 “si
894 819 992 870 quid
1024 820 1076 858 ab
1109 820 1288 858 Attico.”
1358 820 1572 869 Nondum3

339 883 478 935 legere
501 889 757 935 poteramus3
785 898 878 922 nam
909 890 953 923 et
980 885 1134 924 lumina
1161 885 1454 934 dimiseramus,
1471 899 1572 937 nect?

339 952 436 988 satis
455 950 628 988 lucebat.
686 950 787 988 Cum
807 956 946 988 autem
965 950 1134 999 luceret,
1153 956 1251 990 ante
1274 954 1424 1003 scripta
1443 954 1547 1004 epis-

338 1012 426 1050 tula
444 1026 494 1050 ex
514 1012 671 1051 duabus
689 1015 769 1051 tuis
789 1016 897 1064 prior
925 1013 1024 1051 mihi
1053 1013 1136 1065 legi
1165 1019 1310 1065 coepta
1338 1020 1413 1053 est.
1472 1011 1572 1059 lun,

337 1081 517 1116 omnium
551 1078 716 1129 quidem
750 1078 1062 1129 elegantissima.
1130 1078 1195 1118 Ne
1228 1081 1303 1118 sim
1336 1078 1482 1128 salvus,
1511 1080 1572 1129 ἐξ

337 1144 457 1182 aliter
475 1145 605 1182 scribo
623 1157 670 1181 ac
689 1146 835 1182 sentio.
891 1143 1004 1181 Nihil
1024 1144 1107 1195 legi
1127 1143 1352 1184 humanius.
1402 1142 1572 1199 Itaque}

337 1212 509 1255 veniam,
529 1222 609 1260 quo
628 1222 755 1256 vocas,
777 1208 898 1246 modo
917 1208 1101 1247 adiutore
1121 1214 1176 1247 te.
1235 1208 1318 1247 Sed
1337 1201 1572 1269 nimitum-³}

335 1274 636 1326 ἀπροσδιόνυσον
653 1274 753 1312 mihi
772 1277 902 1325 primo
922 1274 1137 1312 videbatur
1155 1288 1275 1326 quam
1303 1274 1355 1313 ad
1384 1288 1452 1315 eas
1478 1273 1572 1316 lit-J}

335 1346 456 1387 teras,
487 1341 632 1391 quibus
662 1353 740 1391 ego
767 1353 791 1377 a
819 1345 863 1377 te
892 1339 1103 1377 consilium
1132 1342 1345 1391 petier,am
1372 1345 1417 1379 te
1443 1337 1572 1409 mihi}

334 1409 412 1444 ista
434 1407 665 1444 rescribere.
724 1405 830 1444 Ecce
859 1406 934 1444 tibi
962 1405 1103 1453 altera,
1122 1418 1201 1457 qua
1222 1405 1393 1443 hortaris
1421 1400 1572 1459 “vap''
1559 1420 1572 1495 ἔξ

348 1537 428 1576 (ἐπ’
456 1535 620 1587 ἀριστέρ’
649 1537 793 1589 ἔχοντα.
798 1536 820 1549 ”
880 1536 1024 1588 Itaque
1049 1549 1098 1574 eo
1126 1501 1194 1574 die
1223 1538 1352 1574 mansi
1379 1530 1567 1588 Aquini.

335 1602 565 1653 Longulum
602 1615 698 1640 sane
736 1605 815 1640 iter
851 1607 895 1640 et
932 1604 995 1639 via
1030 1602 1146 1640 mala.
1207 1600 1309 1639 Inde
1348 1598 1572 1652 postridie}

333 1681 452 1706 mane
472 1667 727 1719 proficiscens
746 1667 817 1705 has
837 1667 994 1706 litteras
1013 1667 1121 1706 dedi.
1563 1656 1572 1667 ³

864 1789 1004 1827 XIIIb

730 1883 870 1908 CICERO
899 1883 1040 1908 ATTICO
1069 1882 1146 1909 SAL.

47 1964 125 2002 Ser,
146 1962 184 2000 2⁸„
388 1981 397 1990 .
417 1979 428 1990 .
449 1980 459 1990 .
489 1956 534 1990 et
561 1950 741 2002 quidem,
770 1955 816 1988 ut
843 1963 867 1987 a
894 1962 960 1988 me
988 1949 1238 1987 dimitterem
1266 1951 1539 1996 invitissimus,

49 2017 224 2069 Arpinati
251 2017 318 2054 III
335 2016 522 2054 fecerunt
560 2016 694 2053 Erotis
730 2015 903 2053 litterae.
976 2013 1076 2051 Rem
1113 2013 1188 2051 tibi
1220 2012 1316 2050 Tiro
1348 2014 1536 2054 narrabit.

50 2071 220 2165 ZbNffl’·
242 2085 277 2110 “-
335 2083 406 2130 Tu,
428 2082 523 2134 quid
546 2081 777 2120 faciendum
801 2083 868 2130 sit,
880 2080 1045 2119 videbis.
1097 2079 1323 2128 Praeterea,
1336 2082 1537 2131 possimne

335 2180 414 2216 414
