1572 2378
574 139 799 179 MARCUS
837 140 1083 181 TULLIUS
1123 142 1324 182 CICERO

346 232 454 277 peto,
474 227 526 265 de
546 240 626 279 quo
644 240 733 265 sum
753 241 884 278 nuper
905 233 1043 267 tecum
1071 229 1243 276 locutus,
1263 235 1311 269 ut
1329 230 1479 280 videas,
1497 245 1550 270 ne

345 289 443 339 quid
463 292 501 328 ei
519 289 638 329 desit.
699 290 745 328 Id
766 304 857 328 cum
882 290 934 329 ad
959 292 1131 330 officium
1160 297 1342 331 nostrum
1371 297 1552 344 pertinet

346 356 431 390 tum
463 351 515 390 ad
545 355 887 392 existimationem
917 359 961 392 et
989 354 1258 405 dignitatem3
1298 356 1405 408 quod
1441 357 1550 397 idem

346 414 530 453 intellexi
552 416 627 454 tibi
652 415 791 454 videri.
850 416 1042 464 Omnino,
1062 419 1095 455 si
1115 430 1205 469 ego,
1224 423 1273 457 ut
1291 418 1392 467 volo,
1411 433 1551 460 mense

346 476 544 525 Quinctili
580 480 623 516 in
661 477 886 526 Graeciam,
918 484 1015 517 sunt
1051 482 1187 518 omnia
1223 479 1402 520 faciliora
1417 495 1428 529 ;
1465 482 1552 532 sed,

345 553 436 579 cum
464 543 548 580 sint
575 554 623 580 ea
650 546 847 593 tempora,
866 547 913 581 ut
932 545 1034 581 certi
1053 542 1155 581 nihil
1182 556 1270 584 esse
1296 548 1434 596 possit,
1453 547 1552 599 quid

343 602 561 645 honestum
580 604 680 642 mihi
699 607 765 652 sit,
780 604 879 656 quid
896 604 1032 653 liceat,
1047 605 1145 657 quid
1165 605 1370 657 expediat,
1389 620 1550 659 quaeso,

343 666 396 705 da
423 680 601 718 operam,
634 672 681 706 ut
711 667 826 706 illum
859 681 980 720 quam
1012 667 1296 708 honestissime
1329 673 1551 721 copiosissi-

343 741 491 781 meque
509 735 705 768 tueamur.

399 793 516 831 Haec
541 798 586 831 et
610 798 759 840 cetera,
779 806 883 844 quae
902 793 954 832 ad
973 807 1046 832 nos
1068 794 1348 845 pertinebunt,
1367 800 1415 834 ut
1432 795 1551 846 soles,

341 857 538 907 cogitabis
565 855 617 894 ad
646 869 793 908 meque
818 861 902 904 aut,
924 856 1034 908 quod
1052 856 1104 894 ad
1123 869 1210 896 rem
1229 860 1446 909 pertineat,
1465 864 1549 908 aut,

342 922 375 957 si
395 918 495 956 nihil
516 921 608 966 erit,
627 919 735 971 quod
755 921 797 956 in
817 919 985 958 buccam
1004 922 1176 968 venerit,
1195 921 1356 962 scribes.

893 1053 995 1092 VIII

739 1140 878 1166 CICERO
908 1140 1048 1165 ATTICO
1077 1141 1155 1167 SAL.

58 1207 133 1247 Sor,
154 1207 192 1246 2⁸„
397 1201 457 1240 Tu
491 1214 557 1240 me
590 1203 668 1239 iam
702 1201 855 1248 rebare,
887 1214 979 1239 cum
1012 1202 1225 1250 scribebas,
1255 1204 1298 1240 in
1326 1206 1427 1243 actis
1458 1217 1546 1244 esse

56 1262 277 1301 Sinuessano
293 1260 296 1261 ⁷
342 1266 502 1311 nostris,
517 1268 561 1302 et
579 1276 657 1314 ego
674 1266 812 1314 accepi
833 1275 912 1301 xv11
935 1263 1023 1301 Kal.
1040 1265 1083 1301 in
1096 1263 1365 1304 deversoriolo
1384 1265 1546 1306 Sinues-

59 1316 185 1354 XVH
202 1317 251 1356 K·
343 1339 440 1364 sano
475 1331 566 1365 tuas
602 1325 771 1366 litteras.
849 1325 913 1365 De
960 1325 1090 1365 Mario
1135 1327 1275 1378 probe,
1311 1331 1388 1367 etsi
1427 1329 1547 1369 doleo

58 1369 153 1411 Mai·
180 1385 215 1410 a·
251 1373 326 1411 710
343 1388 387 1429 L.
416 1389 545 1428 Crassi
571 1394 778 1440 nepotem.
835 1387 1004 1440 Optime
1022 1391 1102 1427 iam
1120 1391 1244 1428 etiam
1264 1389 1391 1429 Bruto
1408 1397 1546 1432 nostro

339 1452 499 1503 probari
518 1452 754 1492 Antonium.
804 1451 922 1499 Nam,
942 1452 1051 1503 quod
1072 1451 1230 1490 Iuniam
1249 1453 1388 1493 scribis
1406 1455 1545 1495 mode-

337 1520 425 1554 rate
453 1520 498 1554 et
524 1517 653 1553 amice
681 1517 850 1566 scriptas
878 1514 1035 1553 litteras
1060 1515 1258 1563 attulisse,
1277 1515 1378 1554 mihi
1398 1515 1545 1558 Paulus

337 1577 438 1616 dicit
464 1576 517 1616 ad
544 1590 588 1616 se
615 1590 639 1615 a
667 1577 792 1616 fratre
821 1579 983 1623 missas;
1012 1578 1157 1629 quibus
1176 1581 1219 1616 in
1238 1581 1431 1618 extremis
1456 1586 1544 1620 erat

337 1641 413 1678 sibi
432 1639 596 1679 insidias
614 1640 723 1686 fieri3
756 1653 799 1679 se
819 1639 861 1678 id
881 1642 1002 1678 certis
1029 1641 1260 1680 auctoribus
1288 1645 1540 1693 comperisse.

341 1702 433 1741 Hoc
451 1715 529 1741 nec
546 1702 646 1741 mihi
665 1702 852 1753 placebat
870 1707 914 1741 et
932 1702 1062 1741 multo
1080 1702 1139 1741 illi
1157 1706 1301 1742 minus.
1363 1704 1542 1757 Reginae

338 1764 435 1816 fuga
447 1764 548 1803 mihi
561 1777 644 1803 non
657 1764 829 1803 molesta
844 1769 917 1804 est.
968 1764 1107 1803 Clodia
1122 1765 1219 1817 quid
1235 1768 1380 1817 egerit,
1394 1767 1542 1808 scribas

335 1827 387 1866 ad
419 1841 485 1867 me
517 1828 650 1868 velim.
711 1827 774 1866 De
811 1827 1017 1879 Byzantiis
1054 1829 1210 1868 curabis
1246 1834 1294 1868 ut
1329 1835 1466 1870 cetera
1497 1836 1542 1871 et

336 1890 527 1942 Pelopem
557 1891 608 1929 ad
639 1895 682 1930 te
711 1903 899 1929 arcesses.
963 1890 1064 1942 Ego,
1094 1895 1142 1930 ut
1170 1891 1362 1943 postulas,
1392 1893 1541 1933 Baiana

378 1989 389 2011 ¹
406 1990 481 2023 The
491 1989 781 2023 Pseudo-Marius
792 1989 861 2022 had
875 1990 952 2032 just
967 1988 1054 2023 been
1069 1993 1137 2034 put
1148 1993 1188 2024 to
1199 1990 1308 2025 death
1318 1991 1366 2036 by
1378 1993 1535 2038 Antony.

377 2032 393 2054 ¹
414 2033 508 2067 Both
522 2034 647 2067 letters
663 2044 760 2066 came
777 2034 867 2066 from
885 2033 935 2067 M.
955 2033 1122 2077 Lepidus,
1141 2034 1302 2069 husband
1325 2035 1363 2069 of
1384 2036 1539 2071 sunio-

336 2077 398 2111 the
414 2088 479 2110 one
495 2081 534 2111 to
545 2077 691 2118 Brutus,
706 2076 769 2110 the
780 2076 885 2110 other
898 2079 938 2111 to
953 2076 992 2111 L.
1006 2077 1180 2112 Aemilius
1193 2077 1375 2123 (Lepidus)
1392 2079 1533 2116 Paulus.

337 2125 415 2161 228
