1572 2378
563 168 789 207 MARCUS
828 169 1073 208 TULLIUS
1111 170 1312 208 CICERO

331 256 483 295 deinde
512 257 691 305 Clodiae,
719 262 874 308 postea,
902 260 935 296 si
965 257 1086 296 Silius
1114 258 1241 306 nolet,
1263 258 1416 298 Drusus
1441 265 1539 311 aget

332 325 495 370 iniuste,
515 322 654 361 Cusini
674 328 719 362 et
737 322 926 362 Treboni.
987 323 1091 362 Puto
1116 327 1284 363 tertium
1305 337 1392 363 esse
1411 324 1538 363 domi-

332 402 444 435 num,
484 387 671 426 Rebilum
708 387 831 426 fuisse
870 393 983 426 certo
1020 391 1114 428 scio.
1180 388 1252 428 Sin
1289 395 1426 428 autem
1462 391 1536 430 tibi

331 454 604 492 Tusculanum
624 454 771 505 placet,
792 460 839 493 ut
857 454 1093 505 significasti
1113 455 1354 507 quibusdam
1375 455 1537 504 litteris,

332 520 407 557 tibi
426 519 642 558 adsentiar.
702 520 794 557 Hoc
823 519 988 571 quidem
1015 523 1158 572 utique
1187 521 1383 572 perficies,
1411 525 1445 561 si
1472 536 1537 562 me

331 585 456 623 levari
489 588 560 633 vis,
594 598 716 636 quem
748 588 828 623 iam
862 588 987 624 etiam
1019 588 1180 637 gravius
1211 600 1388 635 accusas,
1418 601 1537 640 quam

332 654 486 702 patitur
517 655 589 689 tua
619 650 884 697 consuetudo,
913 650 985 688 sed
1015 650 1114 690 facis
1143 664 1300 690 summo
1329 666 1466 692 amore
1494 658 1538 693 et

332 719 461 755 victus
479 715 650 754 fortasse
678 719 777 755 vitio
804 729 908 755 me0.
967 716 1048 755 Sed
1078 722 1230 765 tamen,
1259 721 1290 756 si
1321 731 1387 757 me
1414 717 1538 758 levari

332 786 403 831 vis,
430 782 532 820 haec
560 788 624 821 est
651 796 807 821 summa
835 782 984 821 levatio
1012 783 1091 831 vel,
1120 787 1154 822 si
1182 797 1322 822 verum
1344 787 1446 825 scire
1465 788 1536 834 vis,

330 862 422 887 una.

388 914 499 952 Hirti
532 914 747 964 epistulam
781 917 814 952 si
846 914 1009 966 legeris,
1039 929 1142 966 quae
1173 917 1271 954 mihi
1300 920 1414 968 quasi
1445 919 1536 970 πρό-

330 983 493 1030 πλασμα
534 979 696 1018 videtur
737 982 823 1018 eius
863 983 1186 1031 vituperationis,
1228 995 1350 1033 quam
1393 982 1538 1022 Caesar

329 1048 488 1096 scripsit
516 1045 568 1083 de
597 1045 764 1092 Catone,
792 1045 916 1084 facies
943 1059 1024 1093 me,
1051 1045 1150 1098 quid
1174 1047 1251 1085 tibi
1270 1050 1399 1086 visum
1418 1051 1484 1097 sit,
1503 1052 1536 1088 si

329 1113 405 1150 tibi
436 1114 514 1150 erit
544 1111 813 1157 commodum,
844 1114 1071 1151 certiorem.
1132 1112 1271 1152 Redeo
1299 1113 1352 1152 ad
1383 1114 1534 1155 fanum.

333 1178 417 1215 Nisi
438 1177 512 1214 hac
532 1182 689 1215 aestate
707 1177 938 1215 absolutum
954 1180 1044 1225 erit,
1061 1191 1182 1229 quam
1202 1178 1314 1218 vides
1333 1182 1536 1232 integram

329 1248 494 1290 restare,
514 1242 668 1281 scelere
687 1256 753 1280 me
774 1243 990 1281 liberatum
1010 1256 1092 1281 non
1112 1245 1276 1295 putabo.

871 1408 989 1446 XLII

726 1504 865 1528 CICERO
895 1504 1035 1529 ATTICO
1064 1505 1140 1531 SAL.

46 1581 123 1618 Scr.
152 1580 314 1617 Asturae
386 1575 554 1613 Nullum
573 1588 596 1612 a
615 1579 659 1612 te
679 1575 903 1612 desideravi
930 1574 1037 1611 diem
1067 1574 1319 1621 litterarum3
1348 1575 1534 1614 videbam

52 1635 87 1671 V
86 1634 110 1672 l
134 1634 190 1672 Id·
213 1633 310 1671 Mai·
331 1645 453 1688 enim,
474 1653 576 1692 quae
597 1641 748 1686 scribis,
770 1644 813 1677 et
831 1645 969 1677 tamen
989 1641 1218 1690 suspicabar
1239 1640 1300 1678 vel
1321 1643 1454 1692 potius
1472 1643 1532 1680 in·

46 1704 79 1727 a·
105 1690 181 1729 709
329 1707 579 1758 tellegebam
603 1705 705 1743 nihil
731 1705 867 1751 fuisse,
887 1705 994 1756 quod
1015 1706 1233 1750 scriberes3
1261 1719 1295 1744 a.
1318 1705 1357 1745 d.
1378 1719 1414 1744 vl
1437 1705 1533 1746 Idus

331 1786 424 1811 vero
445 1777 488 1810 et
506 1772 646 1810 abesse
667 1776 710 1809 te
731 1771 922 1821 putabam
943 1775 986 1808 ei:
1006 1770 1126 1821 plane
1152 1771 1338 1809 videbam
1363 1771 1464 1810 nihil
1489 1777 1533 1812 te

329 1839 488 1876 habere.
538 1836 627 1887 Ego
646 1841 784 1874 tamen
805 1835 856 1874 ad
876 1841 919 1874 te
940 1835 1025 1874 fere
1045 1836 1195 1875 cotidie
1214 1841 1400 1883 mittam3
1427 1837 1534 1877 malo

328 1906 436 1941 enim
457 1901 617 1948 frustra,
641 1915 761 1952 quam
791 1907 834 1939 te
863 1914 944 1938 non
975 1901 1138 1949 habere,
1167 1905 1231 1940 cui
1260 1901 1346 1950 des,
1374 1905 1406 1941 si
1434 1903 1531 1955 quid

329 1970 433 2006 forte
471 1971 535 2015 sit,
573 1967 681 2019 quod
720 1972 840 2017 putes
877 1979 943 2004 me
981 1969 1083 2004 scire
1122 1973 1321 2018 oportere.
1389 1967 1532 2021 Itaque
1569 1958 1572 1963 Δ

327 2037 465 2084 accepi
485 2045 523 2071 v1
548 2033 642 2070 Idus
661 2032 818 2070 litteras
839 2037 929 2070 tuas
948 2035 1100 2071 inanes.
1151 2033 1260 2080 Quid
1281 2035 1389 2072 enim
1410 2033 1532 2072 habe-
1570 2027 1572 2029 ¹

327 2101 407 2146 bas,
429 2099 535 2151 quod
563 2099 787 2136 scriberes?
845 2098 904 2135 Mi
925 2103 1064 2136 tamen
1084 2097 1198 2145 illud,
1219 2099 1411 2150 quicquid
1431 2105 1532 2147 erat,

328 2159 377 2193 88
