1572 2378
590 156 816 195 MARCUS
854 157 1098 197 TULLIUS
1137 158 1338 198 CICERO

414 244 536 283 Piliae
555 250 718 284 nostrae
737 245 874 284 villam
895 251 1035 293 totam,
1057 259 1242 298 quaeque
1268 249 1311 285 in
1333 247 1429 286 villa
1454 253 1560 294 sunt,

356 315 482 362 trado,
524 317 569 354 in
612 316 902 367 Pompeianum
933 319 1021 368 ipse
1057 317 1314 368 proficiscens
1348 317 1396 357 K.
1433 317 1558 357 Maiis.

356 385 490 433 Quam
509 386 629 425 velim
654 387 777 426 Bruto
796 388 1049 439 persuadeas,
1072 394 1119 427 ut
1138 388 1312 428 Asturae
1330 389 1409 429 sit!

911 565 1006 603 XVI

749 659 889 685 cicinno
917 660 1058 685 A'r'rlco
1086 660 1164 686 sn..

70 730 149 768 Ser.
175 731 340 769 Puteolis
409 742 433 767 v
461 730 599 768 Nonas
626 731 903 769 conscendens
930 732 982 769 ab
1012 731 1138 769 hortis
1166 731 1368 770 Cluvianis
1393 733 1436 769 in
1463 731 1562 783 pha-

70 784 108 821 in
127 785 243 822 lzorlis

71 838 260 877 Cluuianis
281 840 314 877 V

70 891 168 931 Non.
189 893 289 933 Mai.

68 961 103 985 a.
128 948 206 987 710

356 802 485 840 selum
514 805 727 853 epicopum
747 803 819 842 has
838 802 935 841 dedi
952 802 1123 850 litteras,
1143 816 1234 841 cum
1258 803 1382 842 Piliae
1401 807 1562 842 nostrae

355 873 491 911 villam
509 874 561 912 ad
582 873 815 921 Lucrinum,
831 873 981 922 vilicos,
995 879 1274 925 procuratores
1291 874 1559 916 tradidissem.

355 944 449 996 Ipse
467 950 606 983 autem
634 958 684 983 eo
711 944 779 984 die
806 947 849 983 in
879 944 992 984 Paeti
1020 947 1147 984 nostri
1176 945 1469 997 tyrotarichum
1486 947 1561 984 im-

352 1017 581 1063 minebam3
609 1019 820 1068 perpaucis
842 1016 986 1055 diebus
1013 1018 1056 1054 in
1087 1015 1390 1068 Pompeianum,
1408 1021 1502 1068 post
1517 1019 1560 1056 in

352 1087 452 1127 haec
474 1087 697 1127 Puteolana
714 1093 759 1127 et
777 1088 958 1126 Cumana
974 1101 1102 1139 regna
1120 1090 1366 1140 renavigare.
1417 1088 1455 1126 O
1473 1087 1561 1127 loca

349 1162 554 1211 ceteroqui
594 1159 712 1198 valde
750 1159 994 1210 expetenda,
1033 1158 1385 1210 interpellantium
1420 1164 1559 1198 autem

348 1230 612 1270 multitudine
631 1243 762 1282 paene
781 1230 976 1281 fugienda
991 1232 999 1269 2

403 1301 485 1341 Sed
503 1302 555 1340 ad
576 1315 660 1340 rem
680 1307 727 1340 ut
746 1304 919 1348 veniam,
934 1315 958 1339 ο
974 1300 1213 1339 Dolabellae
1227 1304 1354 1340 nostri
1369 1315 1556 1353 magnam

347 1374 560 1425 dpwra'av!
601 1373 765 1421 Quanta
780 1378 844 1412 est
858 1373 1132 1424 ἀναθεώρησις-ἔ
1172 1372 1371 1424 Equidem
1392 1373 1556 1412 laudare

347 1458 442 1484 eum
461 1450 506 1483 et
523 1444 675 1483 hortari
700 1458 784 1482 non
811 1444 974 1483 desisto.
1036 1444 1162 1482 Recte
1180 1449 1227 1483 tu
1246 1444 1434 1482 omnibus
1452 1446 1555 1496 epis-

346 1516 443 1556 tulis
478 1515 691 1567 significas,
724 1516 821 1567 quid
860 1516 912 1554 de
950 1529 1006 1563 re,
1045 1515 1143 1567 quid
1179 1515 1233 1554 de
1270 1517 1355 1554 viro
1391 1518 1553 1555 sentias.

348 1589 451 1628 Mihi
479 1589 643 1640 quidem
675 1588 835 1626 videtur
858 1587 1006 1626 Brutus
1025 1593 1164 1626 noster
1183 1590 1262 1625 iam
1282 1586 1346 1626 vel
1367 1599 1553 1626 coronam

345 1673 507 1698 auream
538 1672 610 1710 per
639 1658 771 1696 forum
799 1658 905 1697 ferre
935 1670 1063 1710 posse.
1132 1657 1234 1705 Quis
1265 1659 1374 1695 enim
1405 1657 1555 1697 audeat

346 1731 508 1770 laedere
538 1733 743 1782 proposita
772 1743 891 1768 cruce
920 1735 992 1768 aut
1021 1743 1128 1777 saxo,
1160 1731 1398 1781 praesertim
1427 1731 1554 1768 tantis

345 1803 565 1853 plausibus,
583 1807 699 1840 tanta
716 1801 1008 1852 approbatione
1027 1802 1282 1839 infimorum?

402 1874 533 1919 Nunc,
567 1875 623 1910 mi
661 1872 813 1919 Attice,
851 1884 918 1910 me
954 1871 1018 1910 fac
1055 1877 1102 1910 ut
1141 1870 1343 1922 expedias.
1412 1871 1552 1922 Cupio,

345 1958 437 1982 cum
467 1943 594 1982 Bruto
618 1949 756 1981 nostro
774 1942 943 1981 adfatim
963 1946 1059 1981 satis
1078 1941 1257 1990 fecerim,
1277 1954 1490 1980 excurrere
1509 1944 1550 1980 in

345 2015 568 2053 Graeciam.
628 2015 769 2066 Magni
797 2017 970 2053 interest
989 2014 1205 2061 Ciceronis,
1224 2013 1288 2052 vel
1308 2026 1399 2052 mea
1417 2015 1552 2064 potius

345 2087 406 2124 vel
446 2085 680 2124 mehercule
721 2088 941 2137 utriusque,
973 2098 1040 2123 me
1076 2087 1325 2124 intervenire
1363 2083 1545 2124 discenti-

346 2139 424 2178 260
