1572 2378
534 167 761 206 MARCUS
800 167 1044 206 TULLIUS
1083 167 1284 207 CICERO

839 307 976 345 XLII]

700 398 841 424 clei-:Ro
870 399 1011 424 ATTICO
1039 398 1117 427 SAL.

21 470 100 510 Scr.
123 469 161 509 in
194 469 288 508 Tus·
360 465 450 517 Ego
478 479 574 505 vero
603 471 694 505 utar
722 469 1006 517 prorogatione
1035 466 1130 513 diei,
1153 471 1280 518 tuque
1309 465 1510 504 humanis-

21 525 158 563 cvla'rw
170 523 273 586 Prid-
307 534 407 570 sime
426 531 572 579 fecisti,
591 535 661 584 qui
679 545 745 570 me
765 534 978 570 certiorem
997 531 1156 580 feceris,
1173 537 1298 584 atque
1316 534 1388 580 ita,
1400 537 1450 571 ut
1463 544 1512 571 eo

24 579 81 618 Id·
102 578 226 622 Qumt·
252 591 287 616 α·
307 603 492 649 tempore
527 600 753 649 acciperem
790 597 962 646 litteras,
992 611 1073 649 quo
1105 610 1189 636 non
1221 603 1511 648 exspectarem,

25 635 102 673 709
306 668 434 714 tuque
453 668 501 702 ut
517 663 569 701 ab
587 663 692 701 ludis
711 664 916 701 scriberes.
970 662 1076 702 Sunt
1089 664 1254 701 omnino
1271 662 1371 700 mihi
1390 676 1511 715 quae-

304 728 398 767 dam
417 729 576 780 agenda
596 729 758 777 Romae,
780 729 850 767 sed
871 742 1165 781 consequemur
1183 728 1306 767 biduo
1324 733 1428 780 post.

842 863 976 901 XLIV

699 958 839 984 CICERO
868 957 1008 983 ATTICO
1037 958 1115 986 sAL.

17 1030 98 1070 Sor.
121 1044 159 1069 m
192 1030 286 1069 Tus-
359 1026 398 1065 Ο
417 1029 547 1065 suavis
564 1031 655 1065 tuas
674 1026 852 1064 litteras!
883 1025 979 1078 (etsi
997 1026 1141 1063 acerba
1159 1038 1317 1077 pompa.
1359 1026 1510 1065 Verum

17 1085 150 1124 culam)
179 1084 288 1123 XIII
304 1099 443 1131 tamen
471 1095 572 1131 scire
600 1094 735 1130 omnia
762 1105 845 1130 non
872 1092 1062 1130 acerbum
1094 1096 1171 1139 est,
1195 1090 1260 1130 vel
1290 1091 1343 1130 de
1373 1090 1511 1146 Cotta)

18 1144 81 1178 ‘¹²⁴¹
100 1139 189 1178 ΧΠ
207 1139 256 1178 K·
303 1158 498 1210 populum
526 1171 622 1196 vero
648 1157 912 1209 praeclarum,
931 1157 1038 1209 quod
1058 1161 1224 1208 propter
1244 1156 1396 1195 malum
1415 1159 1509 1196 vici-

17 1193 115 1233 επὶ·
140 1207 175 1232 α’
210 1195 287 1234 709
304 1238 402 1263 num
435 1236 488 1262 ne
521 1223 724 1262 Victoriae
753 1222 919 1275 quidem
952 1222 1153 1273 ploditur!
1221 1221 1369 1261 Brutus
1401 1222 1508 1274 apud

302 1303 367 1328 me
396 1289 498 1334 fuit;
531 1291 595 1327 cui
624 1288 789 1340 quidem
818 1287 936 1326 valde
966 1287 1153 1339 placebat
1181 1300 1248 1326 me
1277 1287 1429 1340 aliquid
1457 1289 1508 1327 ad

303 1356 525 1394 Caesarem.
591 1354 827 1393 Adnueram
840 1367 850 1400 ;
897 1353 969 1392 sed
1007 1366 1155 1404 pompa
1189 1353 1383 1393 deterret.
1446 1353 1507 1393 Tu

302 1427 441 1460 tamen
455 1434 573 1459 ausus
593 1434 636 1459 es
655 1420 823 1458 Varroni
840 1419 959 1458 dare!
999 1419 1215 1470 Exspecto,
1230 1419 1328 1471 quid
1342 1419 1505 1465 iudicet.

303 1487 477 1534 Quando
513 1492 651 1525 autem
687 1485 897 1537 pelleget?
960 1484 1025 1523 De
1063 1485 1202 1523 Attica
1239 1485 1376 1536 probo.
1434 1485 1509 1524 Est

301 1541 492 1604 quiddam
522 1555 645 1591 etiarn
673 1555 854 1590 animum
881 1551 1005 1590 levari
1030 1564 1120 1589 cum
1145 1553 1398 1602 spectatione
1418 1556 1507 1590 tum

301 1621 423 1657 etiam
452 1618 659 1669 religionis
684 1620 874 1669 opinione
894 1622 936 1655 et
956 1617 1071 1655 fama.
1131 1616 1292 1654 Cottam
1312 1618 1367 1654 mi
1385 1615 1507 1656 velim

301 1687 437 1723 mittas
451 1699 462 1734 3
502 1684 700 1722 Libonem
732 1696 893 1721 mecum
925 1682 1056 1721 habeo
1087 1686 1132 1720 et
1160 1681 1380 1720 habueram
1409 1688 1506 1721 ante

300 1749 475 1790 Cascam.
540 1749 688 1787 Brutus
725 1749 825 1787 mihi
862 1748 907 1788 T.
948 1748 1084 1799 Ligari
1122 1748 1253 1786 verbis
1290 1749 1506 1797 nuntiavit,

299 1815 407 1867 quod
436 1815 666 1866 appelletur
696 1814 738 1853 L.
771 1814 966 1852 Corfidius
996 1816 1039 1851 in
1069 1815 1250 1851 oratione
1281 1812 1507 1864 Ligariana,

300 1886 477 1919 erratum
501 1893 589 1919 esse
610 1893 759 1918 meum.
818 1879 913 1927 Sed,
934 1884 979 1918 ut
997 1881 1125 1926 aiunt,
1144 1880 1370 1930 μνημονικὸν
1388 1880 1506 1932 ἁμάρ-

299 1964 409 1998 τημα.
478 1946 664 1985 Sciebam
701 1945 919 1984 Corfidium
962 1946 1308 1995 pernecessarium
1354 1943 1505 1996 Ligari-

345 2061 357 2081 ¹
383 2062 415 2094 A
441 2060 642 2103 processioa
667 2064 707 2093 at
733 2060 794 2092 the
825 2059 913 2091 Ludi
939 2058 1131 2098 Circenses,
1150 2058 1186 2090 in
1214 2042 1328 2090 which
1348 2056 1506 2092 (λοφιὴ

301 2105 413 2147 image
427 2115 496 2137 was
512 2103 647 2136 carried
663 2114 789 2146 among
806 2103 866 2135 the
883 2102 980 2145 gods,
1002 2104 1087 2134 next
1105 2104 1141 2134 to
1157 2100 1318 2144 Victory.

306 2147 380 2193 196
