1572 2378
26 502 102 538 Scr.
125 500 163 538 in

26 555 247 592 Sinuessano

27 608 107 646 XV
123 609 212 647 Kal.

30 663 107 703 lun.
128 677 164 702 a.
193 664 270 704 710

541 158 769 197 MARCUS
808 158 1053 198 TULLIUS
1092 160 1291 199 ClCERO

896 321 938 358 la

706 421 846 446 crcnno
876 421 1016 446 A‘r'rtco
1045 422 1123 449 SAL.

368 495 480 533 Here
510 496 703 534 dederam
731 497 781 534 ad
812 503 854 536 te
883 497 1040 536 litteras
1069 501 1208 537 exiens
1238 511 1262 538 e
1295 499 1516 550 Puteolano

310 560 646 612 deverteramque
685 565 726 599 in
765 563 1000 603 Cumanum.
1070 563 1131 601 Ibi
1170 565 1276 603 bene
1312 566 1516 605 valentem

313 625 490 663 videram
514 627 664 664 Piliam.
723 627 832 674 Quin
862 631 986 666 etiam
1014 629 1134 679 paulo
1159 635 1251 680 post
1273 630 1408 669 Cumis
1427 643 1515 670 eam

311 691 402 730 vidi.
462 691 641 730 Venerat
661 695 769 730 enirn
789 696 830 730 in
850 693 996 739 funus3
1024 697 1090 732 cui
1108 693 1242 733 funeri
1260 709 1338 747 ego
1356 709 1516 749 quoque

309 770 474 808 operam
489 757 596 796 dedi.
647 759 715 796 Cn.
738 758 943 807 Lucullus,
959 759 1164 798 familiaris
1179 766 1330 810 noster,
1346 767 1515 801 matrem

308 823 513 861 efferebat.
573 824 706 862 Mansi
735 827 860 875 igitur
888 838 936 863 eo
964 824 1031 864 die
1060 828 1103 863 in
1131 825 1375 865 Sinuessano
1393 833 1516 880 atque

307 888 404 926 inde
422 902 542 927 mane
565 889 760 940 postridie
787 891 986 941 Arpinum
1013 891 1268 942 proficiscens
1287 893 1393 932 hanc
1412 896 1516 945 epis-

307 953 436 991 tulam
475 957 644 992 exaravi.
715 955 813 993 Erat
849 961 988 994 autem
1026 956 1127 994 nihil
1166 961 1274 1006 novi,
1305 959 1413 1011 quod
1444 965 1517 999 aut

307 1020 524 1057 scriberem
545 1025 617 1058 aut
637 1034 684 1058 ex
706 1026 749 1059 te
769 1035 1021 1073 quaererem,
1040 1025 1117 1061 nisi
1137 1022 1241 1062 forte
1263 1023 1341 1062 hoc
1358 1024 1411 1063 ad
1430 1038 1515 1064 rem

308 1090 425 1136 putas
446 1088 663 1136 pertinere.
724 1086 873 1125 Brutus
893 1093 1033 1126 noster
1059 1091 1170 1127 misit
1197 1089 1250 1128 ad
1277 1103 1344 1129 me
1371 1093 1516 1130 oratio-

307 1164 402 1188 nem
423 1164 535 1189 suam
555 1151 735 1190 habitam
756 1155 797 1190 in
818 1156 1009 1191 contione
1030 1153 1268 1205 Capitolina,
1288 1159 1516 1208 petivitque

306 1229 330 1253 a
360 1229 439 1263 me,
470 1222 517 1254 ut
550 1208 640 1255 eam
674 1231 726 1256 ne
760 1219 972 1257 ambitiose
1006 1222 1264 1270 corrigerem,
1296 1227 1515 1274 antequam

307 1282 461 1320 ederet.
521 1283 594 1321 Est
612 1289 750 1321 autem
777 1287 903 1322 oratio
929 1287 1078 1336 scripta
1105 1285 1405 1336 elegantissime
1424 1301 1516 1326 sen-

307 1351 462 1396 tentiis,
493 1350 634 1397 verbis,
671 1355 717 1387 ut
755 1349 855 1387 nihil
895 1354 1021 1401 possit
1060 1351 1175 1390 ultra.
1245 1353 1334 1404 Ego
1363 1358 1514 1402 tamen,

307 1416 339 1450 si
379 1413 487 1451 illam
525 1427 685 1452 causam
723 1415 967 1463 habuissem,
1005 1419 1252 1467 scripsissem
1293 1417 1512 1458 ardentius.

306 1477 506 1521 Ὺπόθεσις
533 1479 645 1518 vides
674 1493 777 1531 quae
801 1484 854 1519 sit
874 1487 917 1519 et
936 1495 1108 1532 persona
1127 1482 1311 1523 dicentis.
1370 1485 1514 1538 Itaque

306 1558 395 1583 eam
416 1548 617 1596 corrigere
632 1559 714 1584 non
734 1550 859 1597 potui.
910 1547 1002 1595 Quo
1018 1551 1126 1586 enim
1142 1552 1184 1586 in
1199 1563 1352 1600 genere
1366 1550 1514 1590 Brutus

306 1617 444 1649 noster
472 1624 560 1649 esse
588 1611 677 1649 vult
705 1617 748 1650 et
777 1613 886 1664 quod
914 1613 1108 1652 iudicium
1137 1614 1262 1654 habet
1285 1615 1336 1654 de
1360 1619 1514 1667 optimo

306 1689 458 1726 genere
478 1676 654 1724 dicendi,
674 1677 716 1715 id
736 1680 793 1716 ita
813 1684 1053 1718 consecutus
1081 1683 1124 1718 in
1153 1693 1201 1719 ea
1228 1684 1409 1720 oratione
1437 1687 1514 1729 est,

306 1746 353 1779 ut
372 1741 600 1792 elegantius
621 1755 710 1781 esse
730 1743 833 1780 nihil
851 1747 979 1794 possit
991 1757 1001 1790 ;
1029 1745 1101 1783 sed
1122 1758 1199 1795 ego
1219 1753 1381 1785 secutus
1404 1746 1512 1787 aliud

305 1820 407 1854 sum,
427 1811 511 1845 sive
532 1807 607 1845 hoc
628 1814 739 1847 recte
759 1811 843 1847 sive
863 1822 945 1847 non
964 1816 1088 1849 recte.
1147 1811 1207 1849 Tu
1234 1818 1373 1850 tamen
1392 1813 1511 1852 velim

305 1885 393 1910 eam
414 1876 638 1911 orationem
657 1873 783 1924 legas,
802 1877 879 1912 nisi
899 1874 1004 1913 forte
1020 1878 1099 1914 iam
1115 1876 1263 1928 legisti,
1280 1881 1511 1916 certiorem-

303 1951 382 1989 que
403 1952 468 1976 me
488 1939 622 1986 facias,
643 1939 741 1991 quid
762 1940 914 1978 iudices
935 1943 1031 1992 ipse.
1083 1941 1338 1993 Quamquam
1360 1956 1510 1990 vereor,

302 2017 355 2042 ne
374 2008 616 2056 cognomine
639 2011 711 2044 tuo
737 2005 870 2056 lapsus
891 2009 1129 2058 ὑπεραττικὸς
1148 2010 1200 2046 sis
1220 2011 1259 2045 in
1282 2008 1507 2049 iudicando.

302 2069 397 2117 Sed,
417 2073 449 2108 si
470 2070 734 2109 recordabere
764 2073 1031 2122 Δημοσθένους
1060 2073 1243 2121 fulmina,
1272 2079 1359 2112 tum
1390 2074 1509 2113 intel-

305 2128 383 2173 296
