1572 2378
575 162 800 201 MARCUS
835 161 1081 200 TULLIUS
1120 161 1320 200 CICERO
1349 165 1351 168 ⁴

398 251 523 290 Bruto
550 256 645 289 tuae
674 250 836 289 litterae
864 255 1003 301 gratae
1033 255 1159 288 erant.
1219 249 1292 288 Fui
1312 252 1421 287 enim
1440 249 1546 300 apud

344 314 456 353 illum
484 314 632 352 multas
662 313 778 351 horas
807 316 847 350 in
878 313 1042 358 Neside,
1072 326 1162 350 cum
1193 312 1312 362 paulo
1336 317 1434 351 ante
1458 317 1548 350 tuas

343 377 499 416 litteras
526 379 782 428 accepissem.
843 375 1048 414 Delectari
1068 375 1166 412 mihi
1187 374 1317 413 Tereo
1338 375 1549 414 videbatur

318 446 386 479 'et
415 440 565 479 habere
598 443 791 478 maiorem
824 440 949 477 Accio
986 451 1107 491 quam
1145 439 1326 476 Antonio
1362 431 1544 489 gratiam.

290 507 293 510 ’
346 503 447 541 Mihi
474 508 612 542 autem
643 515 723 554 quo
753 501 921 541 laetiora
950 506 1059 548 sunt,
1090 514 1139 539 eo
1169 501 1259 552 plus
1288 493 1486 540 stomachi
1504 494 1548 556 et

342 566 551 605 molestiae
580 571 643 604 est
672 565 865 616 populum
888 565 1111 603 Romanum
1131 577 1274 602 manus
1292 577 1384 618 suas
1401 564 1547 619 nonin

341 628 601 668 defendenda
626 642 670 667 re
696 627 870 679 publica,
889 627 961 666 sed
981 630 1023 665 in
1043 626 1274 678 plaudendo
1296 617 1544 676 consumere,

344 692 445 731 Mihi
459 692 625 744 quidem
640 691 831 729 videntur
845 693 1012 729 istorum
1031 692 1155 728 animi
1173 690 1336 728 incendi
1356 693 1480 730 etiam
1493 690 1546 734 ad

340 754 723 807 repraesentandam
743 754 1045 804 improbitatem
1065 765 1189 791 suam.
1237 752 1319 791 Sed
1338 758 1506 801 tamen,
1534 765 1543 783 ι’

393 834 526 872 “dum
545 833 666 871 modo
685 832 852 870 doleant
871 831 1036 884 aliquid,
1055 831 1223 870 doleant
1241 829 1491 893 quidlibet7’''
1512 861 1514 864 .
1535 834 1543 891 ξ

380 903 612 950 Ὀοῐιείἰίωῃ
645 923 782 948 meum
815 910 924 962 quod
953 912 1011 948 ais
1041 909 1190 948 cotidie
1221 913 1348 960 magis
1376 909 1547 959 laudam

339 988 420 1013 non
437 974 609 1012 moleste
627 973 727 1019 fero,
747 973 1129 1024 exspectabamque,
1151 976 1183 1011 si
1209 972 1307 1024 quid
1334 973 1388 1011 de
1417 985 1466 1012 eo
1491 972 1544 1012 ad
1570 1015 1572 1017 ,

338 1051 402 1076 me
439 1038 644 1076 scriberes.
716 1036 804 1087 Ego
844 1038 952 1073 enim
992 1038 1035 1073 in
1075 1038 1202 1074 varios
1241 1048 1449 1075 sermones
1482 1038 1543 1083 in-r

338 1101 532 1139 cidebam.
601 1099 712 1147 Quin
751 1102 874 1137 etiam
906 1099 1054 1136 idcirco
1087 1098 1312 1146 trahebam3
1344 1103 1392 1138 ut
1423 1091 1543 1151 quani

336 1163 562 1202 diutissime
599 1165 804 1212 integrum
844 1167 962 1199 esset.
1031 1161 1126 1209 Sed,
1159 1163 1349 1213 quoniam
1386 1159 1544 1205 furcilla

337 1226 601 1272 extrudimur,
642 1225 899 1263 Brundisium
937 1227 1082 1275 cogito.
1154 1214 1322 1262 Facilior
1357 1228 1467 1263 enim
1499 1231 1545 1271 et

336 1289 579 1340 exploratior
619 1288 821 1326 devitatio.
858 1287 1064 1338 legionum
1102 1286 1187 1325 fore
1226 1286 1386 1327 videtur
1423 1301 1543 1339 quam

337 1355 569 1403 piratarum,
588 1354 657 1402 qui
676 1363 872 1401 apparere
890 1349 1093 1388 dicuntur.
1477 1361 1480 1364 ⁴

389 1415 544 1454 Sestius
576 1427 614 1452 vl
651 1413 746 1451 Idus
783 1413 1107 1464 exspectabatur,
1141 1412 1212 1451 sed
1246 1426 1327 1451 non
1362 1419 1544 1462 venerat,
1570 1449 1572 1453 .

335 1477 442 1530 quod
479 1481 612 1516 sciam.
682 1476 839 1515 Cassius
877 1489 968 1513 cum
1009 1475 1216 1513 classicula
1252 1488 1323 1514 sua
1361 1482 1572 1526 venerat.‘;⁴

338 1541 438 1592 Ego,
466 1554 557 1579 cum
587 1553 679 1578 eum
711 1538 911 1586 vidissem,
931 1552 954 1577 v
976 1538 1035 1577 Id.
1058 1541 1098 1576 in
1123 1538 1411 1589 Pompeianum
1433 1540 1542 1592 cogi·
1567 1534 1572 1591 ξ

335 1605 483 1650 tabam,
514 1603 610 1641 inde
642 1601 906 1640 Aeculanum.
966 1602 1082 1639 Nosti
1114 1601 1278 1652 reliqua.
1339 1601 1402 1640 De
1422 1593 1572 1651 Tutia!

335 1669 391 1704 ita
410 1670 605 1717 putaram.
667 1664 729 1702 De
751 1665 928 1702 Aebutio
951 1677 1032 1705 non
1052 1663 1173 1702 credo
1193 1676 1268 1702 nec
1288 1663 1427 1703 tamen
1445 1677 1541 1703 curo
1566 1656 1572 1713 ξ

335 1729 425 1779 plus
456 1741 576 1780 quam
611 1734 666 1766 tu.
735 1727 880 1765 Planco
913 1732 956 1764 et
989 1726 1124 1777 Oppio
1161 1728 1298 1776 scripsi
1337 1725 1572 1778 equidem,

333 1794 522 1843 quoniam
557 1803 728 1840 rogaras,
760 1789 845 1835 sed,
877 1792 908 1826 si
940 1790 1014 1827 tibi
1044 1788 1261 1835 videbitur,
1291 1801 1343 1826 ne
1374 1800 1563 1839 neeesse*

335 1854 520 1892 habueris
567 1852 750 1890 reddere.
820 1851 920 1890 Cum
960 1854 1067 1889 enim
1105 1856 1176 1889 tua
1213 1863 1331 1889 causa
1363 1850 1560 1903 fecerint]

333 1921 479 1965 omnia,
509 1930 661 1964 vereor,
690 1930 742 1956 ne
770 1929 880 1954 meas
909 1916 1065 1954 litteras
1093 1928 1408 1967 supervacaneas
1435 1907 1541 1955 arbiss

375 2011 389 2032 ²
412 1985 527 2044 There
541 2009 612 2043 had
638 2012 724 2060 been
743 2020 838 2042 some
861 2009 1058 2042 exhibition
1081 2009 1118 2041 of
1139 2007 1260 2059 publio
1277 2008 1407 2051 feeling
1422 2011 1462 2042 at
1476 2009 1538 2042 tho
1562 2018 1572 2068 Ι

333 2055 573 2105 performance
589 2053 626 2085 of
642 2053 781 2102 Acclus'
794 2053 928 2103 Tereus
943 2056 982 2085 at
998 2053 1060 2103 the
1077 2063 1195 2104 games
1211 2063 1315 2102 gnyen
1333 2051 1376 2095 by
1391 2052 1534 2103 Brutum.
1559 2069 1572 2119 ff

333 2099 439 2138 Here,
459 2097 529 2131 and
554 2108 590 2130 m
614 2096 676 2130 the
700 2097 897 2139 Phtltpptca
913 2105 954 2130 11.
973 2098 1027 2137 31,
1046 2101 1077 2129 n,
1099 2107 1129 2129 is
1156 2095 1299 2139 nuplled
1323 2096 1404 2128 that
1420 2099 1451 2129 nt
1466 2103 1572 2378 vui

333 2145 421 2185 374,
