1572 2378
47 881 125 919 Sor.
147 880 186 918 in

52 935 253 973 Puteolano

51 989 84 1026 X
94 989 129 1026 V
129 990 154 1027 I
168 989 257 1027 Kal.

52 1044 130 1082 lun.
162 1057 198 1083 a.
237 1045 314 1084 710

644 433 697 470 Μ.
729 433 899 472 TULLI
931 432 1226 472 CICERONIS

537 491 937 532 EPISTULARUM
969 492 1048 530 AD
1078 493 1331 533 ATTICUM

574 554 738 592 LIBER
767 555 1020 603 QUINTUS
1050 555 1302 596 DECIMUS

727 817 865 842 menno
896 817 1038 841 ATTico
1066 815 1145 844 sAL.

387 886 424 924 O
441 886 593 925 factum
608 887 714 925 male
731 887 782 925 de
800 886 1018 924 Alexione!
1041 885 1284 924 Incredibile
1299 891 1375 934 est,
1388 891 1540 938 quanta

332 960 398 984 me
431 946 617 985 molestia
649 947 860 993 adfecerit,
891 959 968 985 nee
997 945 1231 984 mehercule
1263 959 1314 984 ex
1344 960 1393 984 ea
1423 952 1539 998 parte

331 1010 518 1054 maxime,
538 1006 647 1058 quod
667 1007 851 1058 plerique
871 1019 1055 1045 mecum:
1085 1010 1110 1028 “
1123 1006 1190 1044 Ad
1209 1019 1332 1058 quem
1353 1009 1478 1056 igitur
1494 1012 1539 1046 te

331 1067 535 1104 medicum
555 1066 767 1104 conferes?
782 1066 804 1080 ''
862 1065 973 1114 Quid
991 1065 1093 1104 mihi
1111 1067 1191 1103 iam
1210 1065 1398 1104 medico?
1440 1066 1540 1113 Aut,

329 1129 362 1164 si
394 1140 493 1176 opus
526 1132 602 1173 est,
634 1131 749 1164 tanta
782 1129 917 1177 inopia
950 1127 1041 1164 est?
1110 1125 1303 1163 Amorem
1333 1139 1430 1177 erga
1458 1139 1540 1174 me,

330 1186 626 1225 humanitatem
657 1189 981 1237 suavitatemque
1011 1185 1206 1224 desidem.
1269 1185 1403 1224 Etiam
1424 1185 1537 1225 illud.

330 1246 441 1293 Quid
461 1252 536 1293 est,
557 1245 664 1297 quod
686 1259 768 1284 non
791 1244 1165 1296 pertimescendum
1193 1247 1258 1292 sit,
1288 1258 1381 1283 cum
1411 1245 1539 1284 homi-

329 1321 423 1344 nem
445 1310 756 1356 temperantem,
776 1319 976 1343 summum
1005 1305 1209 1342 medicum
1237 1310 1377 1343 tantus
1404 1308 1539 1358 inpro-

328 1370 412 1404 viso
442 1367 605 1403 morbus
634 1366 905 1416 oppresserit?
967 1364 1050 1403 Sed
1079 1364 1131 1402 ad
1162 1363 1262 1402 haec
1292 1368 1429 1404 omnia
1458 1379 1539 1404 una

328 1426 549 1464 consolatio
587 1431 663 1472 est,
695 1425 803 1476 quod
838 1438 885 1463 ea
918 1424 1155 1463 condicione
1188 1427 1274 1462 nati
1307 1438 1459 1474 sumus,
1491 1430 1538 1464 ut

328 1486 443 1532 nihil,
474 1485 581 1536 quod
616 1485 768 1522 homini
806 1484 990 1522 accidere
1028 1487 1167 1535 possit,
1198 1497 1382 1523 recusare
1412 1485 1536 1524 debe-

325 1560 449 1584 amus.

383 1606 447 1644 De
468 1606 649 1644 Antonio
673 1607 752 1641 iam
778 1610 900 1642 antea
925 1605 999 1642 tibi
1026 1607 1165 1654 scripsi
1190 1617 1271 1642 non
1291 1617 1380 1643 esse
1400 1618 1494 1644 eum
1511 1619 1536 1644 a

326 1680 394 1705 me
431 1670 688 1704 conventum.
761 1664 887 1702 Venit
924 1667 1032 1702 enim
1074 1664 1290 1712 Misenum,
1328 1678 1420 1702 cum
1457 1678 1536 1717 ego

327 1740 457 1764 essem
477 1729 518 1763 in
543 1725 795 1775 Pompeiano.
856 1723 958 1761 Inde
977 1729 1073 1761 ante
1093 1722 1298 1774 profectus
1318 1729 1393 1771 est,
1413 1738 1534 1776 quam

328 1800 404 1836 ego
434 1799 526 1823 cum
557 1788 714 1822 venisse
746 1786 926 1835 cognovi.
985 1783 1066 1821 Sed
1097 1796 1204 1830 casu,
1232 1796 1322 1821 cum
1353 1783 1533 1835 legerem

326 1852 416 1884 tuas
435 1845 605 1891 litteras,
630 1845 788 1882 Hirtius
807 1849 895 1882 erat
913 1843 1021 1894 apud
1041 1856 1107 1882 me
1126 1845 1169 1881 in
1192 1843 1424 1882 Puteolano.
1483 1844 1532 1883 Ei

326 1905 409 1956 legi
429 1911 473 1943 et
492 1907 569 1956 egi.
629 1904 806 1942 Primum
832 1903 940 1954 quod
965 1906 1130 1950 attinet,
1149 1902 1251 1941 nihil
1270 1902 1368 1941 mihi
1389 1917 1531 1943 conce-

326 1965 465 2013 debat,
476 1964 626 2003 deinde
641 1963 692 2001 ad
708 1977 904 2001 summam
923 1964 1118 2001 arbitrum
1137 1976 1202 2001 me
1222 1963 1430 2001 statuebat
1448 1976 1530 2002 non

326 2024 447 2062 modo
465 2023 584 2062 huius
603 2026 674 2069 rei,
694 2023 766 2060 sed
785 2025 910 2060 totius
931 2022 1162 2060 consulatus
1184 2025 1256 2065 sui.
1316 2022 1414 2060 Cum
1446 2022 1529 2060 An-

325 2086 438 2122 tonio
455 2089 592 2121 autem
613 2085 668 2120 sic
687 2095 867 2133 agemus,
888 2087 933 2120 ut
952 2084 1180 2133 perspiciat,
1196 2084 1284 2120 siin
1301 2095 1348 2120 eo
1363 2085 1529 2134 negotio

327 2142 404 2182 292
