1572 2378
554 171 781 211 MARCUS
820 170 1064 210 TULLIUS
1101 169 1302 208 CICERO

323 276 442 314 saepe
458 275 637 313 usurpas,
652 261 700 299 ad
718 260 965 299 Tusculanas
980 259 1287 310 disputationes.
1322 257 1528 297 Saufeium

322 328 373 366 de
402 333 445 366 te
474 327 678 374 celemus;
705 340 782 377 ego
801 335 1022 376 numquam
1047 324 1245 363 indicabo.
1303 322 1424 371 Quod
1443 327 1488 362 te
1505 336 1530 361 a

324 394 449 432 Bruto
467 394 618 440 scribis,
633 397 680 431 ut
700 395 848 430 certior
867 392 995 437 fieret,
1010 403 1090 442 quo
1109 390 1176 428 die
1195 392 1239 427 in
1257 388 1528 427 Tusculanum

321 472 451 498 essem
483 464 691 506 venturus,
724 463 772 496 ut
804 457 855 495 ad
888 462 932 495 te
964 462 1062 495 ante
1095 458 1248 507 scripsi,
1276 468 1315 494 vi
1352 454 1457 502 Kal„
1485 459 1530 493 et

320 524 485 576 quidem
503 525 560 562 ibi
579 529 622 562 te
642 537 763 575 quam
782 525 957 574 primum
977 535 1050 573 per
1068 521 1206 559 videre
1231 520 1366 559 velim.
1425 518 1529 563 Puto

321 593 429 629 enim
457 590 573 628 nobis
603 589 827 628 Lanuvium
859 588 1039 626 eundum
1070 592 1114 625 et
1143 586 1308 638 quidem
1333 598 1414 624 non
1441 588 1527 624 sine

320 655 449 694 multo
468 667 663 693 sermone.
723 653 804 693 Sed
823 654 995 703 μελήσει.

375 721 514 760 Redeo
527 721 580 759 ad
594 722 852 771 superiorem.
902 719 963 756 Ex
983 732 1063 770 qua
1081 722 1294 769 praetereo
1312 716 1382 754 illa
1400 719 1529 768 prima

319 786 371 824 de
396 786 643 831 Buthrotiis3
672 799 775 836 quae
806 784 906 822 mihi
936 789 1032 822 sunt
1061 783 1215 821 inclusa
1244 781 1447 829 medullis,
1475 784 1528 821 sit

319 852 452 899 modo,
482 857 530 890 ut
559 851 711 898 scribis,
742 850 854 888 locus
884 849 1045 901 agendi.
1104 849 1168 886 De
1199 850 1380 886 oratione
1411 848 1526 887 Bruti

320 931 478 969 prorsus
497 916 725 964 contendis,
740 930 832 954 cum
846 918 995 954 iterum
1015 919 1099 954 tam
1119 914 1258 952 multis
1277 914 1409 952 verbis
1428 916 1524 965 agis.

321 983 461 1035 Egone
480 988 528 1022 ut
546 996 635 1021 eam
655 995 828 1029 causam,
848 995 968 1032 quam
989 983 1021 1018 is
1041 980 1231 1031 scripsit?
1261 992 1338 1031 ego
1356 980 1526 1018 scribam

320 1062 401 1086 non
419 1054 583 1099 rogatus
602 1049 654 1086 ab
673 1049 749 1086 eo?
809 1046 930 1084 Nulla
959 1045 1249 1098 παρεγχείρησις
1276 1044 1362 1082 fieri
1389 1050 1528 1096 potest

318 1114 655 1153 contumeliosior.
689 1117 714 1134 “
722 1112 818 1159 At,’‘
833 1115 980 1163 inquis,
992 1115 1019 1133 “
1032 1110 1076 1150 ‘H
1080 1110 1309 1162 ρακλείδειον
1323 1109 1525 1162 aliquod.''

319 1179 411 1218 Non
439 1192 581 1217 recuso
608 1177 651 1215 id
679 1177 859 1229 quidem,
887 1176 959 1214 sed
988 1181 1032 1214 et
1060 1174 1385 1226 componendum
1408 1187 1526 1227 argu-

316 1250 501 1284 mentum
531 1248 595 1282 est
622 1248 666 1281 et
694 1242 896 1281 scribendi
923 1241 1243 1292 exspectandum
1262 1246 1425 1292 tempus
1442 1254 1527 1279 ma-

316 1313 455 1349 turius.
515 1309 632 1347 Licet
653 1311 762 1347 enim
782 1308 834 1347 de
853 1321 933 1355 me,
953 1312 1000 1346 ut
1019 1306 1134 1355 libet,
1156 1308 1363 1345 existimes
1386 1304 1524 1359 (velim

316 1376 479 1428 quidem
510 1388 630 1427 quam
659 1373 844 1425 optime),
868 1376 902 1412 si
921 1372 1023 1411 haec
1042 1375 1100 1411 ita
1118 1378 1300 1419 manant,
1319 1376 1366 1410 ut
1384 1371 1525 1411 viden-

316 1447 383 1480 tur
401 1440 538 1494 (feres,
558 1439 667 1492 quod
686 1437 851 1492 dicam),
869 1452 935 1477 me
958 1438 1053 1477 Idus
1079 1439 1251 1476 Martiae
1279 1451 1362 1475 non
1389 1437 1525 1476 delec-

316 1512 417 1554 tant.
487 1505 564 1544 Ille
602 1507 711 1544 enim
749 1517 971 1556 numquam
1008 1505 1256 1550 revertisset,
1294 1515 1367 1541 nos
1404 1506 1526 1542 timor

316 1572 550 1612 confirmare
579 1574 665 1610 eius
692 1576 784 1609 acta
811 1584 893 1608 non
923 1572 1135 1621 coegisset,
1155 1574 1239 1617 aut,
1259 1573 1306 1608 ut
1324 1571 1366 1607 in
1386 1569 1524 1609 Saufei

316 1653 406 1677 eam
424 1638 731 1689 relinquamque
753 1635 1000 1674 Tusculanas
1026 1634 1335 1685 disputationes,
1354 1634 1406 1672 ad
1425 1647 1523 1686 quas

315 1710 360 1743 tu
381 1706 505 1743 etiam
524 1703 755 1741 Vestorium
774 1701 957 1748 hortaris,
977 1703 1035 1738 ita
1053 1702 1219 1750 gratiosi
1238 1712 1395 1738 eramus
1414 1699 1522 1751 apud

315 1770 442 1817 illum,
461 1782 582 1821 quem
603 1768 644 1805 di
663 1772 867 1804 mortuum
891 1765 1105 1817 perduint!
1137 1770 1184 1803 ut
1202 1770 1364 1803 nostrae
1383 1767 1520 1813 aetati,

359 1886 372 1907 ¹
395 1885 539 1918 Atticus
569 1882 640 1916 and
677 1882 840 1916 Saufeius
877 1881 966 1914 both
1002 1879 1186 1924 professed
1223 1879 1285 1913 the
1323 1880 1520 1923 Epicurean

315 1928 537 1972 philosophy,
571 1927 686 1959 which
717 1937 790 1958 was
820 1924 989 1958 attached
1022 1925 1059 1957 in
1086 1924 1149 1957 the
1176 1922 1255 1956 first
1281 1923 1373 1957 book
1397 1924 1435 1957 of
1457 1924 1519 1958 the

321 1973 488 2005 'l'ueculan
508 1969 763 2012 Disputationa.
803 1969 878 2001 The
898 1971 921 1986 “
934 1972 1048 2001 secret
1061 1967 1081 1982 ''
1099 1968 1129 1999 is
1145 1967 1301 2000 Atticus’
1317 1967 1351 1999 la
1377 1978 1414 2000 se
1429 1967 1518 2001 from

316 2016 580 2059 Epicureanism
608 2015 644 2046 in
668 2014 865 2056 approving
894 2012 931 2045 of
955 2013 1016 2045 the
1047 2012 1154 2044 views
1179 2021 1322 2054 express
1385 2012 1421 2044 in
1439 2011 1519 2045 that

314 2060 415 2093 book.

355 2103 369 2124 ²
391 2103 442 2136 To
460 2106 551 2135 meet
567 2101 710 2134 Brutus.

315 2152 392 2193 306
