1572 2378
43 1895 122 1934 Scr.
147 1895 186 1933 in
219 1895 314 1933 Tus-

42 1950 175 1989 culano
194 1949 254 1987 VI
263 1949 297 1987 K

49 2005 69 2042 I
69 2019 127 2043 un.
148 2018 184 2042 a.
208 2005 285 2044 709

552 153 782 193 MARCUS
819 155 1067 195 TULLIUS
1106 156 1308 196 CICERO

323 239 437 279 vides
466 243 598 292 ipsum
629 240 745 279 illum
776 241 989 280 Aristoteli
1018 242 1260 294 discipulum
1286 256 1444 283 summo
1468 246 1530 283 in-

323 306 458 354 geni0,
487 316 643 342 summa
670 303 882 351 modestia,
912 310 1176 356 posteaquam
1204 319 1276 345 rex
1303 307 1530 358 appellatus

324 368 388 413 sit,
401 366 633 417 superbum,
647 366 869 415 crudelem,
881 367 1192 406 immoderatum
1203 368 1355 408 fuisse?
1392 369 1529 418 Quid?

324 434 369 466 tu
389 428 498 467 hunc
518 429 569 468 de
590 443 736 480 pompa
755 429 915 478 Quirini
939 431 1273 470 contubernalem
1298 431 1362 470 his
1385 435 1530 472 nostris

325 491 543 530 moderatis
555 492 738 543 epistulis
749 492 995 531 laetaturum
1010 499 1128 544 putas
1141 495 1157 531 ?
1204 493 1280 533 Ille
1292 508 1387 533 vero
1397 497 1531 546 potius

324 566 407 591 non
421 556 571 605 scripta
585 554 792 593 desideret
812 568 933 606 quam
948 558 1098 606 scripta
1116 569 1198 594 non
1219 556 1374 607 probet.
1421 557 1531 598 Post-

324 629 437 655 remo
456 622 503 655 ut
521 616 642 655 volet.
692 616 808 656 Abiit
827 617 942 665 illud,
962 618 1071 670 quod
1091 624 1180 657 tum
1199 632 1266 658 me
1284 620 1530 668 stimulabat,

325 692 417 717 cum
430 680 508 718 tibi
521 679 668 717 dabam
682 681 894 732 πρόβλημα.
913 681 1127 733 Ἀρχιμήδει
1133 699 1186 722 ον.
1225 681 1359 721 Multo
1373 683 1531 722 meher-

325 742 415 780 cule
435 745 562 794 magis
582 756 691 780 nunc
711 748 808 794 opto
827 757 963 782 casum
991 744 1120 792 illum,
1147 757 1270 797 quem
1297 750 1387 784 tum
1413 749 1532 785 time-

324 805 431 852 bam,
450 805 515 843 vel
535 818 657 857 quem
677 805 832 844 libebit.

380 868 469 906 Nisi
500 868 598 919 quid
635 873 679 906 te
716 868 826 907 aliud
859 869 1071 920 impediet,
1098 872 1155 908 mi
1187 876 1330 922 optato
1361 874 1529 911 veneris.

326 930 462 968 Nicias
481 944 504 967 a
523 930 736 968 Dolabella
754 945 903 982 magno
922 945 1045 983 opere
1064 935 1279 972 arcessitus
1299 932 1399 987 (legi
1424 936 1532 973 enim

323 992 515 1044 litteras),
543 995 621 1032 etsi
648 996 777 1032 invito
803 1007 885 1042 me,
911 999 1052 1033 tamen
1083 994 1229 1034 eodem
1257 1009 1324 1035 me
1356 1001 1533 1044 auctore,

324 1055 532 1107 profectus
552 1061 625 1094 est.

384 1119 475 1157 Hoc
503 1133 626 1157 manu
656 1132 757 1157 mea.
817 1119 918 1158 Cum
948 1123 1062 1171 quasi
1084 1121 1182 1160 alias
1205 1134 1270 1160 res
1298 1134 1535 1174 quaerercm

324 1182 378 1221 de
398 1181 612 1233 philologis
632 1195 656 1220 e
677 1182 804 1230 Nicia,
824 1182 1039 1222 incidimus
1066 1185 1110 1221 in
1137 1183 1319 1224 Talnam.
1378 1184 1454 1224 Ille
1481 1185 1535 1224 de

325 1247 491 1295 ingenio
523 1244 626 1282 nihil
663 1247 796 1293 nimis,
825 1245 1055 1284 modestum
1084 1251 1129 1285 et
1157 1246 1276 1298 frugi.
1344 1246 1427 1286 Sed
1458 1247 1536 1287 hoc

324 1308 426 1345 mihi
453 1321 537 1346 non
564 1307 728 1358 placuit.
787 1308 840 1347 Se
862 1311 964 1347 scire
987 1309 1123 1348 aiebat
1140 1309 1192 1347 ab
1212 1322 1261 1348 eo
1279 1322 1411 1361 nuper
1428 1313 1534 1363 peti-

326 1375 410 1408 tam
430 1369 694 1418 Cornificiam,
715 1369 765 1419 Q.
783 1370 919 1419 filiam,
937 1371 1118 1410 vetulam
1136 1385 1234 1411 sane
1253 1376 1298 1411 et
1316 1372 1535 1412 multarum

327 1435 584 1484 nuptiarum3
612 1446 696 1471 non
723 1447 812 1474 esse
839 1434 1055 1486 probatum
1082 1435 1331 1483 mulieribus,
1351 1437 1460 1488 quod
1478 1440 1536 1477 ita

326 1498 566 1546 reperirent,
594 1509 681 1534 rem
707 1509 792 1535 non
818 1499 1012 1536 maiorem
1042 1502 1149 1539 W.
1208 1498 1301 1536 Hoc
1329 1501 1469 1550 putavi
1488 1505 1535 1539 te

327 1561 430 1597 scire
448 1564 648 1610 oportere.

861 1733 1002 1772 XXIX

726 1824 866 1851 elcnno
895 1825 1037 1850 ATTICO
1064 1825 1142 1853 SAL.

386 1891 451 1931 De
483 1892 612 1931 hortis
645 1904 696 1931 ex
728 1895 809 1930 tuis
842 1891 990 1930 litteris
1022 1894 1193 1943 cognovi
1223 1899 1268 1932 et
1297 1893 1532 1947 Chrysippo.

331 1955 381 1993 In
409 1955 516 2003 villa,
545 1957 657 1994 cuius
684 1955 956 1994 insulsitatem
984 1955 1091 1994 bene
1119 1969 1271 2004 noram,
1294 1956 1412 1996 video
1432 1957 1534 1997 nihil

335 2119 410 2159 ¹66
648 2077 661 2099 ²
684 2076 821 2110 Caesar.
870 2075 923 2110 Cf.
944 2076 1017 2110 Act.
1039 2085 1104 2110 x11.
1124 2079 1176 2116 45,
1197 2079 1226 2112 3.
