<?xml version="1.0" encoding="UTF-8"?>
<!DOCTYPE html PUBLIC "-//W3C//DTD XHTML 1.0 Transitional//EN"
    "http://www.w3.org/TR/xhtml1/DTD/xhtml1-transitional.dtd">
<html xmlns="http://www.w3.org/1999/xhtml" xml:lang="en" lang="en">
 <head>
  <title>
</title>
<meta http-equiv="Content-Type" content="text/html;charset=utf-8" />
  <meta name='ocr-system' content='tesseract 3.04.00' />
  <meta name='ocr-capabilities' content='ocr_page ocr_carea ocr_par ocr_line ocrx_word'/>
</head>
<body>
  <div class='ocr_page' id='page_1' title='image "./letterstoatticuswins03ciceuoft_0044.png"; bbox 0 0 1592 2366; ppageno 0'>
   <div class='ocr_carea' id='block_1_1' title="bbox 568 156 1318 197">
    <p class='ocr_par' dir='ltr' id='par_1_1' title="bbox 568 156 1318 197">
     <span class='ocr_line' id='line_1_1' title="bbox 568 156 1318 197; baseline 0.004 -3"><span class='ocrx_word' id='word_1_1' title='bbox 568 156 795 196; x_wconf 88' lang='lat' dir='ltr'>MARCUS</span> <span class='ocrx_word' id='word_1_2' title='bbox 834 157 1078 196; x_wconf 89' lang='lat' dir='ltr'>TULLIUS</span> <span class='ocrx_word' id='word_1_3' title='bbox 1117 157 1318 197; x_wconf 85' lang='lat' dir='ltr'>CICERO</span> 
     </span>
    </p>
   </div>
   <div class='ocr_carea' id='block_1_2' title="bbox 336 243 1546 2063">
    <p class='ocr_par' dir='ltr' id='par_1_2' title="bbox 338 243 1534 367">
     <span class='ocr_line' id='line_1_2' title="bbox 339 243 1534 298; baseline 0.003 -16"><span class='ocrx_word' id='word_1_4' title='bbox 339 244 430 282; x_wconf 91' lang='lat' dir='ltr'><strong>vide</strong></span> <span class='ocrx_word' id='word_1_5' title='bbox 450 249 495 282; x_wconf 90' lang='lat' dir='ltr'><strong>et</strong></span> <span class='ocrx_word' id='word_1_6' title='bbox 515 244 737 283; x_wconf 85' lang='lat' dir='ltr'><strong>Laenatem</strong></span> <span class='ocrx_word' id='word_1_7' title='bbox 758 249 802 283; x_wconf 83' lang='lat' dir='ltr'><strong>et</strong></span> <span class='ocrx_word' id='word_1_8' title='bbox 820 243 1026 283; x_wconf 86' lang='lat' dir='ltr'><strong>Statilium</strong></span> <span class='ocrx_word' id='word_1_9' title='bbox 1043 259 1053 290; x_wconf 91' lang='lat'>;</span> <span class='ocrx_word' id='word_1_10' title='bbox 1073 246 1202 284; x_wconf 84' lang='lat' dir='ltr'><strong>tribus</strong></span> <span class='ocrx_word' id='word_1_11' title='bbox 1222 249 1331 284; x_wconf 90' lang='lat' dir='ltr'><strong>enim</strong></span> <span class='ocrx_word' id='word_1_12' title='bbox 1349 259 1451 298; x_wconf 80' lang='lat' dir='ltr'><strong>opus</strong></span> <span class='ocrx_word' id='word_1_13' title='bbox 1470 253 1534 286; x_wconf 84' lang='lat' dir='ltr'><strong>est</strong></span> 
     </span>
     <span class='ocr_line' id='line_1_3' title="bbox 338 314 1111 367; baseline 0.003 -14"><span class='ocrx_word' id='word_1_14' title='bbox 338 314 419 353; x_wconf 87' lang='lat' dir='ltr'><strong>Sed</strong></span> <span class='ocrx_word' id='word_1_15' title='bbox 439 315 539 353; x_wconf 85' lang='lat' dir='ltr'><strong>mihi</strong></span> <span class='ocrx_word' id='word_1_16' title='bbox 559 315 716 354; x_wconf 86' lang='lat' dir='ltr'><strong>Laenas</strong></span> <span class='ocrx_word' id='word_1_17' title='bbox 736 321 869 354; x_wconf 85' lang='lat' dir='ltr'><strong>totum</strong></span> <span class='ocrx_word' id='word_1_18' title='bbox 890 321 1111 367; x_wconf 78' lang='lat' dir='ltr'><strong>receperat.</strong></span> 
     </span>
    </p>

    <p class='ocr_par' dir='ltr' id='par_1_3' title="bbox 337 386 1546 723">
     <span class='ocr_line' id='line_1_4' title="bbox 393 386 1546 438; baseline 0.003 -13"><span class='ocrx_word' id='word_1_19' title='bbox 393 386 512 434; x_wconf 89' lang='lat' dir='ltr'><strong>Quod</strong></span> <span class='ocrx_word' id='word_1_20' title='bbox 533 388 672 426; x_wconf 89' lang='lat' dir='ltr'><strong>scribis</strong></span> <span class='ocrx_word' id='word_1_21' title='bbox 690 401 714 424; x_wconf 89' lang='lat' dir='ltr'><strong>a</strong></span> <span class='ocrx_word' id='word_1_22' title='bbox 735 387 850 425; x_wconf 91' lang='lat' dir='ltr'><strong>Iunio</strong></span> <span class='ocrx_word' id='word_1_23' title='bbox 870 393 913 425; x_wconf 89' lang='lat' dir='ltr'><strong>te</strong></span> <span class='ocrx_word' id='word_1_24' title='bbox 932 387 1197 438; x_wconf 86' lang='lat' dir='ltr'><strong>appellatum,</strong></span> <span class='ocrx_word' id='word_1_25' title='bbox 1217 391 1383 427; x_wconf 90' lang='lat' dir='ltr'><strong>omnino</strong></span> <span class='ocrx_word' id='word_1_26' title='bbox 1409 389 1546 428; x_wconf 89' lang='lat' dir='ltr'><strong>Corni—</strong></span> 
     </span>
     <span class='ocr_line' id='line_1_5' title="bbox 339 458 1546 512; baseline 0.003 -16"><span class='ocrx_word' id='word_1_27' title='bbox 339 458 450 497; x_wconf 86' lang='lat' dir='ltr'><strong>ficius</strong></span> <span class='ocrx_word' id='word_1_28' title='bbox 480 458 661 509; x_wconf 91' lang='lat' dir='ltr'><strong>locuples</strong></span> <span class='ocrx_word' id='word_1_29' title='bbox 693 463 783 504; x_wconf 81' lang='lat' dir='ltr'><strong>est3</strong></span> <span class='ocrx_word' id='word_1_30' title='bbox 816 458 889 497; x_wconf 89' lang='lat' dir='ltr'><strong>sed</strong></span> <span class='ocrx_word' id='word_1_31' title='bbox 918 464 1057 497; x_wconf 84' lang='lat' dir='ltr'><strong>tamen</strong></span> <span class='ocrx_word' id='word_1_32' title='bbox 1091 461 1193 498; x_wconf 88' lang='lat' dir='ltr'><strong>scire</strong></span> <span class='ocrx_word' id='word_1_33' title='bbox 1222 459 1357 508; x_wconf 87' lang='lat' dir='ltr'><strong>velim,</strong></span> <span class='ocrx_word' id='word_1_34' title='bbox 1385 461 1546 512; x_wconf 85' lang='lat' dir='ltr'><strong>quando</strong></span> 
     </span>
     <span class='ocr_line' id='line_1_6' title="bbox 337 529 1545 583; baseline 0.003 -17"><span class='ocrx_word' id='word_1_35' title='bbox 337 529 448 567; x_wconf 88' lang='lat' dir='ltr'><strong>dicar</strong></span> <span class='ocrx_word' id='word_1_36' title='bbox 468 529 731 580; x_wconf 89' lang='lat' dir='ltr'><strong>spopondisse</strong></span> <span class='ocrx_word' id='word_1_37' title='bbox 751 535 795 567; x_wconf 89' lang='lat' dir='ltr'><strong>et</strong></span> <span class='ocrx_word' id='word_1_38' title='bbox 814 543 886 580; x_wconf 89' lang='lat' dir='ltr'><strong>pro</strong></span> <span class='ocrx_word' id='word_1_39' title='bbox 906 536 1021 580; x_wconf 86' lang='lat' dir='ltr'><strong>patre</strong></span> <span class='ocrx_word' id='word_1_40' title='bbox 1040 543 1148 568; x_wconf 89' lang='lat' dir='ltr'><strong>anne</strong></span> <span class='ocrx_word' id='word_1_41' title='bbox 1166 543 1239 581; x_wconf 88' lang='lat' dir='ltr'><strong>pro</strong></span> <span class='ocrx_word' id='word_1_42' title='bbox 1258 529 1350 569; x_wconf 86' lang='lat' dir='ltr'><strong>filio.</strong></span> <span class='ocrx_word' id='word_1_43' title='bbox 1401 531 1545 583; x_wconf 87' lang='lat' dir='ltr'><strong>Neque</strong></span> 
     </span>
     <span class='ocr_line' id='line_1_7' title="bbox 338 600 1540 654; baseline 0.002 -16"><span class='ocrx_word' id='word_1_44' title='bbox 338 613 387 639; x_wconf 93' lang='lat' dir='ltr'><strong>eo</strong></span> <span class='ocrx_word' id='word_1_45' title='bbox 409 603 555 647; x_wconf 87' lang='lat' dir='ltr'><strong>minus,</strong></span> <span class='ocrx_word' id='word_1_46' title='bbox 575 605 622 639; x_wconf 77' lang='lat' dir='ltr'><strong>ut</strong></span> <span class='ocrx_word' id='word_1_47' title='bbox 649 601 801 647; x_wconf 85' lang='lat' dir='ltr'><strong>scribis,</strong></span> <span class='ocrx_word' id='word_1_48' title='bbox 821 606 1100 651; x_wconf 84' lang='lat' dir='ltr'><strong>procuratores</strong></span> <span class='ocrx_word' id='word_1_49' title='bbox 1129 600 1314 640; x_wconf 86' lang='lat' dir='ltr'><strong>Cornifici</strong></span> <span class='ocrx_word' id='word_1_50' title='bbox 1341 606 1387 641; x_wconf 86' lang='lat' dir='ltr'><strong>et</strong></span> <span class='ocrx_word' id='word_1_51' title='bbox 1405 602 1540 654; x_wconf 88' lang='lat' dir='ltr'><strong>Appu-</strong></span> 
     </span>
     <span class='ocr_line' id='line_1_8' title="bbox 340 672 968 723; baseline -0.003 -12"><span class='ocrx_word' id='word_1_52' title='bbox 340 673 464 711; x_wconf 91' lang='lat' dir='ltr'><strong>leium</strong></span> <span class='ocrx_word' id='word_1_53' title='bbox 485 672 782 723; x_wconf 86' lang='lat' dir='ltr'><strong>praediatorem</strong></span> <span class='ocrx_word' id='word_1_54' title='bbox 803 672 968 710; x_wconf 90' lang='lat' dir='ltr'><strong>videbis.</strong></span> 
     </span>
    </p>

    <p class='ocr_par' dir='ltr' id='par_1_4' title="bbox 336 743 1546 2063">
     <span class='ocr_line' id='line_1_9' title="bbox 392 743 1546 791; baseline 0.003 -11"><span class='ocrx_word' id='word_1_55' title='bbox 392 743 513 791; x_wconf 88' lang='lat' dir='ltr'><strong>Quod</strong></span> <span class='ocrx_word' id='word_1_56' title='bbox 546 757 613 781; x_wconf 92' lang='lat' dir='ltr'><strong>me</strong></span> <span class='ocrx_word' id='word_1_57' title='bbox 644 744 697 781; x_wconf 88' lang='lat' dir='ltr'><strong>ab</strong></span> <span class='ocrx_word' id='word_1_58' title='bbox 727 743 803 781; x_wconf 91' lang='lat' dir='ltr'><strong>hoc</strong></span> <span class='ocrx_word' id='word_1_59' title='bbox 840 756 1021 781; x_wconf 87' lang='lat' dir='ltr'><strong>maerore</strong></span> <span class='ocrx_word' id='word_1_60' title='bbox 1059 746 1230 782; x_wconf 87' lang='lat' dir='ltr'><strong>recreari</strong></span> <span class='ocrx_word' id='word_1_61' title='bbox 1262 746 1334 791; x_wconf 88' lang='lat' dir='ltr'><strong>vis,</strong></span> <span class='ocrx_word' id='word_1_62' title='bbox 1366 743 1463 783; x_wconf 85' lang='lat' dir='ltr'><strong>facis</strong></span> <span class='ocrx_word' id='word_1_63' title='bbox 1500 751 1546 783; x_wconf 85' lang='lat' dir='ltr'><strong>ut</strong></span> 
     </span>
     <span class='ocr_line' id='line_1_10' title="bbox 337 814 1543 861; baseline 0 -8"><span class='ocrx_word' id='word_1_64' title='bbox 337 818 472 853; x_wconf 88' lang='lat' dir='ltr'><strong>omnia</strong></span> <span class='ocrx_word' id='word_1_65' title='bbox 490 829 499 861; x_wconf 94' lang='lat'>;</span> <span class='ocrx_word' id='word_1_66' title='bbox 528 815 600 853; x_wconf 89' lang='lat' dir='ltr'><strong>sed</strong></span> <span class='ocrx_word' id='word_1_67' title='bbox 619 828 686 853; x_wconf 90' lang='lat' dir='ltr'><strong>me</strong></span> <span class='ocrx_word' id='word_1_68' title='bbox 705 815 804 853; x_wconf 89' lang='lat' dir='ltr'><strong>mihi</strong></span> <span class='ocrx_word' id='word_1_69' title='bbox 825 829 905 852; x_wconf 90' lang='lat' dir='ltr'><strong>non</strong></span> <span class='ocrx_word' id='word_1_70' title='bbox 926 814 1104 853; x_wconf 86' lang='lat' dir='ltr'><strong>defuisse</strong></span> <span class='ocrx_word' id='word_1_71' title='bbox 1123 820 1167 852; x_wconf 86' lang='lat' dir='ltr'><strong>tu</strong></span> <span class='ocrx_word' id='word_1_72' title='bbox 1188 817 1306 853; x_wconf 87' lang='lat' dir='ltr'><strong>testis</strong></span> <span class='ocrx_word' id='word_1_73' title='bbox 1324 828 1378 854; x_wconf 91' lang='lat' dir='ltr'><strong>es.</strong></span> <span class='ocrx_word' id='word_1_74' title='bbox 1434 815 1543 855; x_wconf 85' lang='lat' dir='ltr'><strong>Nihil</strong></span> 
     </span>
     <span class='ocr_line' id='line_1_11' title="bbox 339 885 1544 938; baseline 0.001 -14"><span class='ocrx_word' id='word_1_75' title='bbox 339 889 447 925; x_wconf 86' lang='lat' dir='ltr'><strong>enim</strong></span> <span class='ocrx_word' id='word_1_76' title='bbox 468 886 520 924; x_wconf 92' lang='lat' dir='ltr'><strong>de</strong></span> <span class='ocrx_word' id='word_1_77' title='bbox 541 899 721 924; x_wconf 87' lang='lat' dir='ltr'><strong>maerore</strong></span> <span class='ocrx_word' id='word_1_78' title='bbox 740 885 962 923; x_wconf 89' lang='lat' dir='ltr'><strong>minuendo</strong></span> <span class='ocrx_word' id='word_1_79' title='bbox 976 887 1171 936; x_wconf 83' lang='lat' dir='ltr'><strong>scriptum</strong></span> <span class='ocrx_word' id='word_1_80' title='bbox 1185 886 1237 923; x_wconf 87' lang='lat' dir='ltr'><strong>ab</strong></span> <span class='ocrx_word' id='word_1_81' title='bbox 1253 885 1334 923; x_wconf 85' lang='lat' dir='ltr'><strong>ullo</strong></span> <span class='ocrx_word' id='word_1_82' title='bbox 1349 891 1425 934; x_wconf 84' lang='lat' dir='ltr'><strong>est,</strong></span> <span class='ocrx_word' id='word_1_83' title='bbox 1437 886 1544 938; x_wconf 88' lang='lat' dir='ltr'><strong>quod</strong></span> 
     </span>
     <span class='ocr_line' id='line_1_12' title="bbox 338 956 1544 1007; baseline 0.001 -13"><span class='ocrx_word' id='word_1_84' title='bbox 338 969 415 1007; x_wconf 88' lang='lat' dir='ltr'><strong>ego</strong></span> <span class='ocrx_word' id='word_1_85' title='bbox 434 970 516 994; x_wconf 91' lang='lat' dir='ltr'><strong>non</strong></span> <span class='ocrx_word' id='word_1_86' title='bbox 536 956 646 994; x_wconf 91' lang='lat' dir='ltr'><strong>domi</strong></span> <span class='ocrx_word' id='word_1_87' title='bbox 665 961 761 994; x_wconf 84' lang='lat' dir='ltr'><strong>tuae</strong></span> <span class='ocrx_word' id='word_1_88' title='bbox 781 956 963 1007; x_wconf 87' lang='lat' dir='ltr'><strong>legerim.</strong></span> <span class='ocrx_word' id='word_1_89' title='bbox 1021 956 1102 994; x_wconf 88' lang='lat' dir='ltr'><strong>Sed</strong></span> <span class='ocrx_word' id='word_1_90' title='bbox 1123 969 1284 994; x_wconf 90' lang='lat' dir='ltr'><strong>omnem</strong></span> <span class='ocrx_word' id='word_1_91' title='bbox 1306 956 1544 996; x_wconf 78' lang='lat' dir='ltr'><strong>consolatio-</strong></span> 
     </span>
     <span class='ocr_line' id='line_1_13' title="bbox 338 1026 1544 1078; baseline 0.002 -13"><span class='ocrx_word' id='word_1_92' title='bbox 338 1041 434 1066; x_wconf 92' lang='lat' dir='ltr'><strong>nem</strong></span> <span class='ocrx_word' id='word_1_93' title='bbox 449 1030 574 1065; x_wconf 87' lang='lat' dir='ltr'><strong>vincit</strong></span> <span class='ocrx_word' id='word_1_94' title='bbox 593 1027 717 1065; x_wconf 87' lang='lat' dir='ltr'><strong>dolor.</strong></span> <span class='ocrx_word' id='word_1_95' title='bbox 754 1026 864 1074; x_wconf 89' lang='lat' dir='ltr'><strong>Quin</strong></span> <span class='ocrx_word' id='word_1_96' title='bbox 885 1029 1008 1065; x_wconf 92' lang='lat' dir='ltr'><strong>etiam</strong></span> <span class='ocrx_word' id='word_1_97' title='bbox 1029 1026 1107 1064; x_wconf 91' lang='lat' dir='ltr'><strong>feci</strong></span> <span class='ocrx_word' id='word_1_98' title='bbox 1127 1026 1235 1078; x_wconf 92' lang='lat' dir='ltr'><strong>quod</strong></span> <span class='ocrx_word' id='word_1_99' title='bbox 1254 1026 1436 1077; x_wconf 87' lang='lat' dir='ltr'><strong>profecto</strong></span> <span class='ocrx_word' id='word_1_100' title='bbox 1447 1033 1544 1067; x_wconf 77' lang='lat' dir='ltr'><strong>ante</strong></span> 
     </span>
     <span class='ocr_line' id='line_1_14' title="bbox 337 1098 1544 1150; baseline 0.001 -13"><span class='ocrx_word' id='word_1_101' title='bbox 337 1113 403 1137; x_wconf 91' lang='lat' dir='ltr'><strong>me</strong></span> <span class='ocrx_word' id='word_1_102' title='bbox 423 1113 556 1146; x_wconf 90' lang='lat' dir='ltr'><strong>nemo,</strong></span> <span class='ocrx_word' id='word_1_103' title='bbox 576 1104 623 1137; x_wconf 90' lang='lat' dir='ltr'><strong>ut</strong></span> <span class='ocrx_word' id='word_1_104' title='bbox 642 1102 728 1150; x_wconf 89' lang='lat' dir='ltr'><strong>ipse</strong></span> <span class='ocrx_word' id='word_1_105' title='bbox 748 1112 813 1137; x_wconf 91' lang='lat' dir='ltr'><strong>me</strong></span> <span class='ocrx_word' id='word_1_106' title='bbox 841 1112 913 1149; x_wconf 90' lang='lat' dir='ltr'><strong>per</strong></span> <span class='ocrx_word' id='word_1_107' title='bbox 939 1098 1095 1136; x_wconf 83' lang='lat' dir='ltr'><strong>litteras</strong></span> <span class='ocrx_word' id='word_1_108' title='bbox 1115 1098 1353 1137; x_wconf 81' lang='lat' dir='ltr'><strong>consolarer.</strong></span> <span class='ocrx_word' id='word_1_109' title='bbox 1410 1098 1544 1146; x_wconf 87' lang='lat' dir='ltr'><strong>Quem</strong></span> 
     </span>
     <span class='ocr_line' id='line_1_15' title="bbox 337 1169 1545 1220; baseline -0.001 -10"><span class='ocrx_word' id='word_1_110' title='bbox 337 1172 483 1210; x_wconf 89' lang='lat' dir='ltr'><strong>librum</strong></span> <span class='ocrx_word' id='word_1_111' title='bbox 498 1171 550 1210; x_wconf 87' lang='lat' dir='ltr'><strong>ad</strong></span> <span class='ocrx_word' id='word_1_112' title='bbox 565 1177 608 1210; x_wconf 90' lang='lat' dir='ltr'><strong>te</strong></span> <span class='ocrx_word' id='word_1_113' title='bbox 624 1174 797 1217; x_wconf 87' lang='lat' dir='ltr'><strong>mittam,</strong></span> <span class='ocrx_word' id='word_1_114' title='bbox 810 1173 843 1208; x_wconf 92' lang='lat' dir='ltr'><strong>si</strong></span> <span class='ocrx_word' id='word_1_115' title='bbox 858 1170 1148 1220; x_wconf 80' lang='lat' dir='ltr'><strong>descripserint</strong></span> <span class='ocrx_word' id='word_1_116' title='bbox 1162 1170 1325 1208; x_wconf 85' lang='lat' dir='ltr'><strong>librarii.</strong></span> <span class='ocrx_word' id='word_1_117' title='bbox 1365 1169 1545 1211; x_wconf 81' lang='lat' dir='ltr'><strong>Adfirmo</strong></span> 
     </span>
     <span class='ocr_line' id='line_1_16' title="bbox 337 1240 1545 1281; baseline 0 -1"><span class='ocrx_word' id='word_1_118' title='bbox 337 1243 411 1281; x_wconf 88' lang='lat' dir='ltr'><strong>tibi</strong></span> <span class='ocrx_word' id='word_1_119' title='bbox 443 1242 594 1280; x_wconf 86' lang='lat' dir='ltr'><strong>nullam</strong></span> <span class='ocrx_word' id='word_1_120' title='bbox 627 1242 944 1280; x_wconf 81' lang='lat' dir='ltr'><strong>consolationem</strong></span> <span class='ocrx_word' id='word_1_121' title='bbox 977 1253 1066 1279; x_wconf 86' lang='lat' dir='ltr'><strong>esse</strong></span> <span class='ocrx_word' id='word_1_122' title='bbox 1096 1240 1232 1279; x_wconf 84' lang='lat' dir='ltr'><strong>talem.</strong></span> <span class='ocrx_word' id='word_1_123' title='bbox 1301 1240 1425 1280; x_wconf 87' lang='lat' dir='ltr'><strong>Totos</strong></span> <span class='ocrx_word' id='word_1_124' title='bbox 1457 1241 1545 1280; x_wconf 91' lang='lat' dir='ltr'><strong>dies</strong></span> 
     </span>
     <span class='ocr_line' id='line_1_17' title="bbox 337 1312 1546 1366; baseline 0 -14"><span class='ocrx_word' id='word_1_125' title='bbox 337 1315 481 1362; x_wconf 89' lang='lat' dir='ltr'><strong>scribo,</strong></span> <span class='ocrx_word' id='word_1_126' title='bbox 508 1327 591 1352; x_wconf 86' lang='lat' dir='ltr'><strong>non</strong></span> <span class='ocrx_word' id='word_1_127' title='bbox 620 1327 700 1365; x_wconf 92' lang='lat' dir='ltr'><strong>quo</strong></span> <span class='ocrx_word' id='word_1_128' title='bbox 729 1313 933 1364; x_wconf 87' lang='lat' dir='ltr'><strong>proficiam</strong></span> <span class='ocrx_word' id='word_1_129' title='bbox 960 1312 1071 1364; x_wconf 90' lang='lat' dir='ltr'><strong>quid,</strong></span> <span class='ocrx_word' id='word_1_130' title='bbox 1099 1312 1172 1351; x_wconf 91' lang='lat' dir='ltr'><strong>sed</strong></span> <span class='ocrx_word' id='word_1_131' title='bbox 1199 1316 1401 1364; x_wconf 84' lang='lat' dir='ltr'><strong>tantisper</strong></span> <span class='ocrx_word' id='word_1_132' title='bbox 1423 1318 1546 1366; x_wconf 88' lang='lat' dir='ltr'><strong>impe-</strong></span> 
     </span>
     <span class='ocr_line' id='line_1_18' title="bbox 336 1383 1546 1435; baseline 0.001 -12"><span class='ocrx_word' id='word_1_133' title='bbox 336 1385 448 1430; x_wconf 86' lang='lat' dir='ltr'><strong>dior;</strong></span> <span class='ocrx_word' id='word_1_134' title='bbox 476 1397 559 1422; x_wconf 89' lang='lat' dir='ltr'><strong>non</strong></span> <span class='ocrx_word' id='word_1_135' title='bbox 579 1383 769 1435; x_wconf 90' lang='lat' dir='ltr'><strong>equidem</strong></span> <span class='ocrx_word' id='word_1_136' title='bbox 790 1386 886 1421; x_wconf 87' lang='lat' dir='ltr'><strong>satis</strong></span> <span class='ocrx_word' id='word_1_137' title='bbox 906 1383 981 1435; x_wconf 91' lang='lat' dir='ltr'><strong>(vis</strong></span> <span class='ocrx_word' id='word_1_138' title='bbox 1001 1386 1110 1421; x_wconf 86' lang='lat' dir='ltr'><strong>enim</strong></span> <span class='ocrx_word' id='word_1_139' title='bbox 1130 1383 1282 1435; x_wconf 81' lang='lat' dir='ltr'><strong>urget),</strong></span> <span class='ocrx_word' id='word_1_140' title='bbox 1297 1383 1368 1422; x_wconf 85' lang='lat' dir='ltr'><strong>sed</strong></span> <span class='ocrx_word' id='word_1_141' title='bbox 1389 1384 1546 1424; x_wconf 79' lang='lat' dir='ltr'><strong>relaxor</strong></span> 
     </span>
     <span class='ocr_line' id='line_1_19' title="bbox 338 1455 1545 1507; baseline 0 -12"><span class='ocrx_word' id='word_1_142' title='bbox 338 1462 477 1495; x_wconf 82' lang='lat' dir='ltr'><strong>tamen</strong></span> <span class='ocrx_word' id='word_1_143' title='bbox 496 1458 687 1507; x_wconf 88' lang='lat' dir='ltr'><strong>omnique</strong></span> <span class='ocrx_word' id='word_1_144' title='bbox 709 1458 746 1493; x_wconf 93' lang='lat' dir='ltr'><strong>vi</strong></span> <span class='ocrx_word' id='word_1_145' title='bbox 767 1458 875 1493; x_wconf 87' lang='lat' dir='ltr'><strong>nitor</strong></span> <span class='ocrx_word' id='word_1_146' title='bbox 902 1469 983 1493; x_wconf 90' lang='lat' dir='ltr'><strong>non</strong></span> <span class='ocrx_word' id='word_1_147' title='bbox 1008 1455 1060 1494; x_wconf 88' lang='lat' dir='ltr'><strong>ad</strong></span> <span class='ocrx_word' id='word_1_148' title='bbox 1084 1458 1277 1502; x_wconf 86' lang='lat' dir='ltr'><strong>animum,</strong></span> <span class='ocrx_word' id='word_1_149' title='bbox 1297 1455 1368 1494; x_wconf 89' lang='lat' dir='ltr'><strong>sed</strong></span> <span class='ocrx_word' id='word_1_150' title='bbox 1387 1455 1440 1494; x_wconf 85' lang='lat' dir='ltr'><strong>ad</strong></span> <span class='ocrx_word' id='word_1_151' title='bbox 1459 1456 1545 1496; x_wconf 88' lang='lat' dir='ltr'><strong>vul-</strong></span> 
     </span>
     <span class='ocr_line' id='line_1_20' title="bbox 337 1525 1543 1578; baseline 0.002 -13"><span class='ocrx_word' id='word_1_152' title='bbox 337 1533 425 1566; x_wconf 87' lang='lat' dir='ltr'><strong>tum</strong></span> <span class='ocrx_word' id='word_1_153' title='bbox 441 1530 585 1578; x_wconf 89' lang='lat' dir='ltr'><strong>ipsum,</strong></span> <span class='ocrx_word' id='word_1_154' title='bbox 602 1529 634 1565; x_wconf 92' lang='lat' dir='ltr'><strong>si</strong></span> <span class='ocrx_word' id='word_1_155' title='bbox 650 1539 808 1578; x_wconf 87' lang='lat' dir='ltr'><strong>queam,</strong></span> <span class='ocrx_word' id='word_1_156' title='bbox 823 1525 1098 1573; x_wconf 87' lang='lat' dir='ltr'><strong>reficiendum,</strong></span> <span class='ocrx_word' id='word_1_157' title='bbox 1115 1526 1237 1578; x_wconf 90' lang='lat' dir='ltr'><strong>idque</strong></span> <span class='ocrx_word' id='word_1_158' title='bbox 1252 1526 1405 1566; x_wconf 87' lang='lat' dir='ltr'><strong>faciens</strong></span> <span class='ocrx_word' id='word_1_159' title='bbox 1419 1530 1543 1567; x_wconf 87' lang='lat' dir='ltr'><strong>inter-</strong></span> 
     </span>
     <span class='ocr_line' id='line_1_21' title="bbox 337 1597 1544 1649; baseline 0.002 -14"><span class='ocrx_word' id='word_1_160' title='bbox 337 1599 434 1636; x_wconf 87' lang='lat' dir='ltr'><strong>dum</strong></span> <span class='ocrx_word' id='word_1_161' title='bbox 464 1597 563 1635; x_wconf 88' lang='lat' dir='ltr'><strong>mihi</strong></span> <span class='ocrx_word' id='word_1_162' title='bbox 593 1611 760 1648; x_wconf 90' lang='lat' dir='ltr'><strong>peccare</strong></span> <span class='ocrx_word' id='word_1_163' title='bbox 791 1597 942 1645; x_wconf 89' lang='lat' dir='ltr'><strong>videor,</strong></span> <span class='ocrx_word' id='word_1_164' title='bbox 961 1597 1166 1635; x_wconf 88' lang='lat' dir='ltr'><strong>interdum</strong></span> <span class='ocrx_word' id='word_1_165' title='bbox 1186 1604 1425 1649; x_wconf 85' lang='lat' dir='ltr'><strong>peccaturus</strong></span> <span class='ocrx_word' id='word_1_166' title='bbox 1443 1611 1544 1647; x_wconf 85' lang='lat' dir='ltr'><strong>esse,</strong></span> 
     </span>
     <span class='ocr_line' id='line_1_22' title="bbox 339 1668 1544 1722; baseline 0.002 -16"><span class='ocrx_word' id='word_1_167' title='bbox 339 1672 413 1707; x_wconf 90' lang='lat' dir='ltr'><strong>nisi</strong></span> <span class='ocrx_word' id='word_1_168' title='bbox 436 1668 588 1706; x_wconf 85' lang='lat' dir='ltr'><strong>faciam.</strong></span> <span class='ocrx_word' id='word_1_169' title='bbox 641 1669 828 1707; x_wconf 82' lang='lat' dir='ltr'><strong>Solitudo</strong></span> <span class='ocrx_word' id='word_1_170' title='bbox 848 1668 999 1719; x_wconf 82' lang='lat' dir='ltr'><strong>aliquid</strong></span> <span class='ocrx_word' id='word_1_171' title='bbox 1019 1669 1197 1716; x_wconf 88' lang='lat' dir='ltr'><strong>adiuvat,</strong></span> <span class='ocrx_word' id='word_1_172' title='bbox 1215 1669 1287 1707; x_wconf 89' lang='lat' dir='ltr'><strong>sed</strong></span> <span class='ocrx_word' id='word_1_173' title='bbox 1306 1670 1436 1708; x_wconf 85' lang='lat' dir='ltr'><strong>multo</strong></span> <span class='ocrx_word' id='word_1_174' title='bbox 1455 1670 1544 1722; x_wconf 87' lang='lat' dir='ltr'><strong>plus</strong></span> 
     </span>
     <span class='ocr_line' id='line_1_23' title="bbox 337 1740 1545 1792; baseline 0.001 -13"><span class='ocrx_word' id='word_1_175' title='bbox 337 1741 565 1792; x_wconf 81' lang='lat' dir='ltr'><strong>proficeret,</strong></span> <span class='ocrx_word' id='word_1_176' title='bbox 595 1744 626 1779; x_wconf 91' lang='lat' dir='ltr'><strong>si</strong></span> <span class='ocrx_word' id='word_1_177' title='bbox 657 1747 701 1778; x_wconf 87' lang='lat' dir='ltr'><strong>tu</strong></span> <span class='ocrx_word' id='word_1_178' title='bbox 733 1747 871 1778; x_wconf 82' lang='lat' dir='ltr'><strong>tamen</strong></span> <span class='ocrx_word' id='word_1_179' title='bbox 902 1743 1130 1779; x_wconf 85' lang='lat' dir='ltr'><strong>interesses.</strong></span> <span class='ocrx_word' id='word_1_180' title='bbox 1189 1740 1305 1788; x_wconf 86' lang='lat' dir='ltr'><strong>Quae</strong></span> <span class='ocrx_word' id='word_1_181' title='bbox 1336 1742 1434 1779; x_wconf 90' lang='lat' dir='ltr'><strong>mihi</strong></span> <span class='ocrx_word' id='word_1_182' title='bbox 1466 1756 1545 1781; x_wconf 90' lang='lat' dir='ltr'><strong>una</strong></span> 
     </span>
     <span class='ocr_line' id='line_1_24' title="bbox 338 1811 1544 1862; baseline 0.002 -13"><span class='ocrx_word' id='word_1_183' title='bbox 338 1825 456 1850; x_wconf 87' lang='lat' dir='ltr'><strong>causa</strong></span> <span class='ocrx_word' id='word_1_184' title='bbox 495 1817 558 1850; x_wconf 90' lang='lat' dir='ltr'><strong>est</strong></span> <span class='ocrx_word' id='word_1_185' title='bbox 596 1811 691 1849; x_wconf 89' lang='lat' dir='ltr'><strong>hinc</strong></span> <span class='ocrx_word' id='word_1_186' title='bbox 729 1811 988 1857; x_wconf 90' lang='lat' dir='ltr'><strong>discedendi;</strong></span> <span class='ocrx_word' id='word_1_187' title='bbox 1042 1825 1135 1849; x_wconf 86' lang='lat' dir='ltr'><strong>nam</strong></span> <span class='ocrx_word' id='word_1_188' title='bbox 1173 1825 1245 1862; x_wconf 88' lang='lat' dir='ltr'><strong>pro</strong></span> <span class='ocrx_word' id='word_1_189' title='bbox 1282 1812 1396 1851; x_wconf 88' lang='lat' dir='ltr'><strong>malis</strong></span> <span class='ocrx_word' id='word_1_190' title='bbox 1433 1818 1544 1852; x_wconf 84' lang='lat' dir='ltr'><strong>reete</strong></span> 
     </span>
     <span class='ocr_line' id='line_1_25' title="bbox 340 1882 1543 1934; baseline 0.002 -14"><span class='ocrx_word' id='word_1_191' title='bbox 340 1882 527 1922; x_wconf 86' lang='lat' dir='ltr'><strong>habebat.</strong></span> <span class='ocrx_word' id='word_1_192' title='bbox 586 1882 842 1934; x_wconf 83' lang='lat' dir='ltr'><strong>Quamquam</strong></span> <span class='ocrx_word' id='word_1_193' title='bbox 876 1883 917 1920; x_wconf 92' lang='lat' dir='ltr'><strong>id</strong></span> <span class='ocrx_word' id='word_1_194' title='bbox 956 1886 1088 1933; x_wconf 91' lang='lat' dir='ltr'><strong>ipsum</strong></span> <span class='ocrx_word' id='word_1_195' title='bbox 1121 1882 1249 1921; x_wconf 89' lang='lat' dir='ltr'><strong>doleo.</strong></span> <span class='ocrx_word' id='word_1_196' title='bbox 1309 1883 1402 1921; x_wconf 88' lang='lat' dir='ltr'><strong>Non</strong></span> <span class='ocrx_word' id='word_1_197' title='bbox 1435 1887 1543 1923; x_wconf 89' lang='lat' dir='ltr'><strong>enim</strong></span> 
     </span>
     <span class='ocr_line' id='line_1_26' title="bbox 338 1953 1544 2007; baseline 0.002 -16"><span class='ocrx_word' id='word_1_198' title='bbox 338 1956 417 1992; x_wconf 86' lang='lat' dir='ltr'><strong>iam</strong></span> <span class='ocrx_word' id='word_1_199' title='bbox 449 1956 491 1991; x_wconf 92' lang='lat' dir='ltr'><strong>in</strong></span> <span class='ocrx_word' id='word_1_200' title='bbox 519 1967 585 1992; x_wconf 91' lang='lat' dir='ltr'><strong>me</strong></span> <span class='ocrx_word' id='word_1_201' title='bbox 614 1953 723 1991; x_wconf 90' lang='lat' dir='ltr'><strong>idem</strong></span> <span class='ocrx_word' id='word_1_202' title='bbox 753 1967 840 1992; x_wconf 90' lang='lat' dir='ltr'><strong>esse</strong></span> <span class='ocrx_word' id='word_1_203' title='bbox 872 1956 1032 2004; x_wconf 87' lang='lat' dir='ltr'><strong>poteris.</strong></span> <span class='ocrx_word' id='word_1_204' title='bbox 1094 1953 1304 1992; x_wconf 85' lang='lat' dir='ltr'><strong>Perierunt</strong></span> <span class='ocrx_word' id='word_1_205' title='bbox 1332 1954 1412 2002; x_wconf 84' lang='lat' dir='ltr'><strong>illa,</strong></span> <span class='ocrx_word' id='word_1_206' title='bbox 1441 1969 1544 2007; x_wconf 81' lang='lat' dir='ltr'><strong>quae</strong></span> 
     </span>
     <span class='ocr_line' id='line_1_27' title="bbox 337 2025 513 2063; baseline 0.006 -1"><span class='ocrx_word' id='word_1_207' title='bbox 337 2025 513 2063; x_wconf 88' lang='lat' dir='ltr'><strong>amabas.</strong></span> 
     </span>
    </p>
   </div>
   <div class='ocr_carea' id='block_1_3' title="bbox 339 2095 1543 2188">
    <p class='ocr_par' dir='ltr' id='par_1_5' title="bbox 339 2095 1543 2188">
     <span class='ocr_line' id='line_1_28' title="bbox 396 2095 1543 2147; baseline 0.003 -15"><span class='ocrx_word' id='word_1_208' title='bbox 396 2095 457 2134; x_wconf 91' lang='lat' dir='ltr'><strong>De</strong></span> <span class='ocrx_word' id='word_1_209' title='bbox 480 2095 592 2134; x_wconf 82' lang='lat' dir='ltr'><strong>Bruti</strong></span> <span class='ocrx_word' id='word_1_210' title='bbox 613 2096 663 2133; x_wconf 86' lang='lat' dir='ltr'><strong>ad</strong></span> <span class='ocrx_word' id='word_1_211' title='bbox 685 2109 750 2134; x_wconf 88' lang='lat' dir='ltr'><strong>me</strong></span> <span class='ocrx_word' id='word_1_212' title='bbox 773 2096 918 2134; x_wconf 81' lang='lat' dir='ltr'><strong>litteris</strong></span> <span class='ocrx_word' id='word_1_213' title='bbox 938 2099 1076 2147; x_wconf 88' lang='lat' dir='ltr'><strong>scripsi</strong></span> <span class='ocrx_word' id='word_1_214' title='bbox 1105 2096 1156 2134; x_wconf 86' lang='lat' dir='ltr'><strong>ad</strong></span> <span class='ocrx_word' id='word_1_215' title='bbox 1186 2102 1227 2135; x_wconf 92' lang='lat' dir='ltr'><strong>te</strong></span> <span class='ocrx_word' id='word_1_216' title='bbox 1255 2103 1387 2135; x_wconf 73' lang='lat' dir='ltr'><strong>antea.</strong></span> <span class='ocrx_word' id='word_1_217' title='bbox 1449 2097 1543 2136; x_wconf 86' lang='lat' dir='ltr'><strong>Pru-</strong></span> 
     </span>
     <span class='ocr_line' id='line_1_29' title="bbox 339 2154 390 2188; baseline 0.02 -1"><span class='ocrx_word' id='word_1_218' title='bbox 339 2154 390 2188; x_wconf 80' lang='lat'><strong>28</strong></span> 
     </span>
    </p>
   </div>
  </div>
 </body>
</html>
