1572 2378
555 156 637 193 MA
647 156 781 195 RCUS
816 157 1061 197 TULLIUS
1100 158 1301 198 CICERO

322 246 400 281 rius
418 249 558 282 noster
575 244 735 283 dixerat
758 246 831 284 tibi
855 259 1016 297 quoque
1040 260 1082 286 se
1105 248 1290 287 attulisse
1319 247 1476 288 litteras
1502 264 1526 287 a

322 308 447 347 Bruto
466 322 615 361 easque
635 311 686 348 ad
707 316 750 349 te
770 324 793 349 e
813 311 1041 350 Tusculano
1061 326 1148 352 esse
1167 313 1334 352 delatas.

374 373 463 424 Ego
485 377 633 413 itinera
655 378 712 414 sic
738 390 1055 428 composueram,
1078 384 1126 417 ut
1155 378 1282 418 Nonis
1309 378 1526 428 Quinctili-

321 440 394 477 bus
425 439 604 479 Puteolis
633 454 786 488 essem3
816 442 933 481 valde
962 446 1071 482 enim
1101 443 1264 493 festino,
1289 447 1347 484 ita
1373 450 1525 494 tamen,

322 510 376 552 ut,
398 511 598 557 quantum
616 506 738 546 homo
760 511 899 559 possit,
919 522 1040 560 quam
1069 513 1299 550 cautissime
1325 514 1524 564 navigem.

323 571 377 611 M.
398 571 563 610 Aelium
582 586 677 610 cura
695 573 908 620 liberabis;
935 587 1002 613 me
1031 588 1179 626 paucos
1206 575 1359 628 pedes¹
1387 579 1432 616 in
1457 589 1527 616 ex-

321 641 451 674 tremo
481 636 610 675 fundo
640 643 684 676 et
714 651 782 676 eos
811 639 977 690 quidem
1008 640 1294 680 subterraneos
1321 643 1527 682 servitutis

322 708 484 754 putasse
521 703 703 755 aliquid²
740 703 958 744 habituros.
1033 705 1080 744 Id
1117 719 1184 745 me
1220 709 1381 746 iamiam
1417 706 1527 747 nolle

322 782 454 821 neque
470 769 570 807 mihi
590 783 735 821 aquam
748 770 765 795 ³
784 783 873 810 esse
891 774 1008 810 tanti.
1058 771 1152 820 Sed,
1169 777 1216 811 ut
1230 765 1335 812 'mihi
1352 773 1526 821 dicebas,

321 849 441 886 quam
461 835 680 883 lenissime,
692 838 827 886 potius
846 841 893 875 ut
912 850 1007 875 cura
1026 837 1234 885 liberetur,
1256 851 1376 890 quam
1396 843 1444 878 ut
1461 851 1528 878 me

322 913 556 939 suscensere
589 900 742 952 aliquid
774 904 1011 952 suspicetur.
1082 902 1188 941 Item
1219 903 1271 942 de
1304 903 1374 943 illo
1403 902 1530 943 Tulli-

322 980 400 1005 ano
428 969 562 1018 capite
587 966 715 1005 libere
740 981 832 1005 cum
856 967 1051 1006 Cascellio
1078 968 1257 1020 loquere.
1315 969 1441 1009 Parva
1465 983 1530 1010 res

323 1038 399 1081 est,
418 1033 492 1072 sed
515 1038 561 1071 tu
581 1033 688 1071 bene
711 1033 937 1072 attendisti.
998 1034 1128 1072 Nimis
1149 1034 1294 1074 callide
1319 1037 1528 1087 agebatur.

323 1099 412 1150 Ego
437 1104 587 1146 autem,
613 1101 644 1136 si
670 1098 771 1136 mihi
796 1101 1054 1149 imposuisset
1078 1099 1243 1152 aliquid,
1266 1101 1375 1153 quod
1400 1113 1531 1153 paene

323 1165 432 1212 fecit,
455 1166 531 1203 nisi
550 1170 622 1202 tua
641 1164 795 1202 malitia
813 1164 1004 1212 affuisset,
1024 1167 1159 1203 animo
1177 1168 1317 1218 iniquo
1333 1166 1528 1206 tulissem.

326 1230 482 1282 ltaque,
515 1235 611 1268 utut
653 1233 743 1277 erit,
785 1243 871 1268 rem
914 1230 1100 1281 impediri
1146 1231 1263 1271 malo.
1334 1232 1532 1272 Octavam

324 1301 482 1347 partem
501 1295 777 1334 Tullianarum
797 1295 959 1334 aedium
987 1296 1036 1334 ad
1066 1296 1253 1336 Streniae
1265 1297 1280 1322 ⁴
1299 1300 1533 1338 memineris

324 1361 465 1400 deberi
496 1360 747 1399 Caerelliae.⁵
803 1360 962 1399 Videris
994 1364 1197 1413 mancipio
1234 1362 1331 1402 dare
1359 1363 1412 1402 ad
1442 1376 1533 1403 eam

326 1439 536 1473 summam,
555 1438 659 1476 quae
678 1426 753 1464 sub
773 1438 972 1476 praecone
990 1425 1070 1464 fuit
1088 1429 1272 1465 maxima.
1323 1427 1372 1466 Id
1391 1430 1534 1479 opinor

327 1505 414 1530 esse
435 1496 616 1529 ἓΐοῑῑΧ-ὶ.

379 1556 482 1594 Νονί
510 1559 542 1594 si
565 1556 663 1608 quid
693 1560 783 1604 erit,
808 1562 932 1608 atque
962 1560 1084 1596 etiam
1113 1560 1146 1596 si
1175 1557 1271 1610 quid
1302 1548 1532 1610 prospicies,

324 1623 432 1675 quod
452 1623 634 1661 futurum
654 1628 787 1674 putes,
807 1624 955 1661 scribas
975 1623 1026 1661 ad
1050 1637 1116 1662 me
1140 1637 1262 1675 quam
1288 1627 1530 1675 saepissime.

366 1711 379 1731 ¹
402 1710 510 1753 pedes
530 1710 730 1761 Tur-nebim:
756 1721 800 1753 pe
815 1711 881 1761 Z.⁸'³
907 1721 968 1753 spe
985 1711 1029 1743 M
1041 1724 1048 1744 :
1075 1721 1198 1762 specus
1214 1709 1267 1750 2¹,
1286 1711 1486 1747 Lambinus.

367 1752 381 1817 ἶ
402 1753 760 1840 ἒὲιῖἶῖἑθῶἲὲἶῖἕῖιέἷ
758 1754 807 1840 ‘²5‘
800 1765 887 1830 1:²3&
899 1754 1007 1830 3¹2¹?
1031 1754 1103 1788 ‘⁸¹⁰
1119 1754 1206 1798 ΨΜ
1222 1755 1275 1788 Μ’

367 1840 381 1861 ⁴
403 1840 646 1874 Tullianarum
674 1841 814 1873 aedium
838 1840 884 1874 ad
910 1841 1072 1875 Streniae
1096 1841 1288 1875 Lambinus
1302 1843 1376 1877 aud
1403 1842 1532 1877 Tm-

324 1885 385 1917 bus
400 1897 408 1918 ε
433 1884 503 1917 tuli
518 1884 731 1917 luminarum
748 1884 902 1917 medium
919 1884 964 1917 ad
982 1889 1103 1918 strane
1119 1885 1224 1919 MSS.

366 1928 380 1948 ⁶
402 1927 524 1961 deberi
541 1928 732 1962 Caerelliae
748 1928 970 1970 Shuckburyh
986 1942 994 1962 ε
1020 1929 1077 1961 cui
1093 1929 1266 1963 Caerellia
1282 1929 1387 1964 MSS.

367 2039 380 2060 ¹
401 2040 476 2072 The
499 2039 646 2083 reading
666 2039 735 2073 and
759 2040 923 2082 meaning
947 2039 985 2073 of
1010 2041 1082 2073 this
1107 2051 1255 2084 passage
1277 2042 1307 2074 is
1331 2042 1529 2076 uncertain.

323 2085 354 2116 A
382 2084 546 2128 parently
563 2084 679 2117 either
701 2084 823 2118 Cicero
847 2083 917 2116 had
940 2083 1098 2117 asserted
1122 2095 1217 2118 some
1239 2085 1344 2118 claim
1366 2096 1412 2118 on
1438 2095 1534 2119 some
1569 2137 1572 2139 Β

324 2132 402 2166 80
