1572 2378
563 154 788 194 MARCUS
827 155 1072 196 TULLIUS
1111 157 1312 196 CICERO

888 294 986 332 XIV

728 386 867 412 CICERO
897 386 1038 412 ATTICO
1067 388 1144 413 SAL.

47 447 125 488 Ser.
152 448 189 486 in
220 448 313 486 Tus-
386 463 423 488 vi
458 450 629 491 Kalend.
659 454 797 502 accepi
826 466 850 490 a
884 452 1098 492 Dolabella.
1128 454 1298 495 litteras.
1356 455 1537 503 Quarum

47 501 177 565 culqno
204 503 238 540 V
261 505 301 542 K
303 535 310 543 ·
331 514 563 563 exemplum
582 513 657 551 tibi
674 515 777 553 misi.
827 514 875 552 In
894 516 1038 566 quibus
1058 521 1147 554 erat
1164 520 1299 555 omnia
1317 531 1360 556 se
1380 518 1536 566 fecisse,

48 557 171 600 Quml·
186 572 221 596 α·
239 561 315 598 710
331 588 434 626 quae
454 580 499 613 tu
520 575 656 614 velles.
715 575 863 614 Statim
890 580 928 615 ei
953 581 1138 629 rescripsi
1167 584 1212 618 et
1237 579 1376 619 multis
1405 581 1537 620 verbis

328 641 476 688 gratias
492 641 569 689 egi.
615 638 696 677 Sed
710 644 864 688 tamen,
876 653 928 679 ne
943 643 1168 690 miraretur,
1180 655 1252 681 cur
1264 643 1374 683 idem
1388 646 1535 684 iterum

327 700 517 748 facerem,
537 700 614 738 hoc
636 714 779 740 causae
805 705 969 754 sumpsi,
999 704 1108 755 quod
1137 717 1188 742 ex
1215 710 1259 743 te
1288 708 1375 757 ipso
1403 720 1534 745 coram

326 769 448 802 antea
467 764 567 801 nihil
588 767 810 815 potuissem
829 779 1083 817 cognoscere.
1143 767 1225 806 Sed
1253 769 1350 821 quid
1379 770 1534 810 multa?

327 827 484 865 litteras
503 827 578 865 hoc
600 827 787 878 exemplo
807 827 926 867 dedi:

594 931 770 965 “cxctko
801 941 1049 967 DOLABELLA!
1078 943 1155 968 cos.
1186 943 1268 970 suo.

381 1015 555 1053 “Antea
582 1028 674 1053 cum
703 1015 851 1054 litteris
881 1017 1010 1055 Attici
1039 1021 1165 1056 nostri
1195 1019 1248 1058 de
1279 1025 1351 1058 tua
1378 1033 1531 1060 summa

325 1076 568 1116 liberalitate
587 1091 825 1129 summoque
846 1092 942 1130 erga
961 1093 1003 1118 se
1020 1081 1216 1119 beneflcio
1237 1085 1384 1121 certior
1401 1083 1532 1123 factus

324 1153 469 1188 essem,
500 1154 673 1192 cumque
707 1147 752 1180 tu
786 1145 871 1192 ipse
903 1145 1026 1181 etiam
1056 1143 1107 1181 ad
1138 1158 1203 1183 me
1234 1149 1458 1197 scripsisses
1487 1153 1531 1186 te

324 1203 467 1242 fecisse
493 1217 553 1250 ea,
579 1217 683 1255 quae
711 1217 784 1242 nos
815 1205 1088 1251 voluissemus,
1109 1209 1176 1257 egi
1196 1208 1271 1246 tibi
1289 1211 1440 1259 gratias
1458 1202 1532 1262 per

324 1266 481 1304 litteras
501 1268 548 1304 iis
567 1267 712 1314 verbis,
727 1272 773 1305 ut
792 1267 1055 1318 intellegeres
1074 1269 1175 1306 nihil
1196 1275 1239 1308 te
1259 1270 1359 1309 mihi
1378 1274 1530 1323 gratius

323 1328 457 1367 facere
476 1332 667 1380 potuisse.
728 1330 872 1368 Postea
901 1344 995 1368 vero
1025 1345 1145 1383 quam
1174 1334 1260 1383 ipse
1289 1334 1452 1374 Atticus
1478 1335 1530 1374 ad

322 1404 388 1429 me
418 1394 531 1429 venit
558 1394 601 1429 in
630 1391 901 1430 Tusculanum
932 1393 1049 1432 huius
1078 1397 1196 1433 unius
1220 1399 1277 1434 rei
1304 1410 1434 1444 causa,
1454 1399 1528 1437 tibi

322 1459 368 1491 ut
395 1453 503 1504 apud
532 1466 598 1491 me
626 1456 776 1504 gratias
804 1460 960 1506 ageret,
980 1459 1093 1494 cuius
1113 1460 1302 1496 eximiam
1327 1460 1529 1510 quandam

321 1521 365 1554 et
395 1516 674 1554 admirabilem
713 1520 754 1554 in
792 1530 910 1556 causa
948 1518 1162 1557 Buthrotia
1199 1520 1452 1560 voluntatem
1486 1529 1530 1562 et

319 1578 565 1628 singularem
595 1591 691 1628 erga
718 1591 761 1616 se
790 1592 968 1618 amorem
988 1584 1274 1631 perspexisset,
1294 1587 1427 1622 teneri
1445 1598 1528 1624 non

319 1642 447 1691 potui,
477 1643 574 1691 quin
604 1641 679 1678 tibi
710 1644 889 1691 apertius
919 1642 1019 1680 illud
1051 1643 1159 1681 idem
1190 1644 1250 1682 his
1280 1645 1427 1684 litteris
1455 1646 1527 1686 de-

319 1702 524 1741 clararem.
583 1702 643 1739 Ex
672 1704 858 1742 omnibus
887 1707 1009 1751 enim,
1038 1708 1093 1743 mi
1128 1706 1352 1755 Dolabella,
1382 1709 1526 1748 studiis

319 1767 362 1802 in
381 1777 447 1803 me
466 1770 510 1802 et
528 1765 676 1812 officiis,
696 1779 799 1816 quae
819 1779 974 1804 summa
995 1773 1103 1815 sunt,
1128 1769 1203 1806 hoe
1229 1773 1331 1808 scito
1357 1771 1456 1809 mihi
1483 1777 1527 1810 et

318 1826 608 1878 amplissimum
637 1827 765 1866 videri
794 1834 837 1867 et
864 1833 1137 1880 gratissimum
1167 1844 1267 1879 esse,
1297 1833 1405 1884 quod
1433 1846 1525 1885 per-

320 1889 476 1937 feceris,
515 1895 561 1928 ut
599 1890 761 1928 Atticus
803 1892 1080 1943 intellegeret,
1116 1899 1314 1945 quantum
1353 1908 1430 1946 ego
1467 1901 1525 1946 te,

318 1955 516 2000 quantum
545 1954 589 1987 tu
620 1962 685 1987 me
714 1963 879 1989 amares.
939 1951 1059 1999 Quod
1080 1953 1280 2004 reliquum
1300 1960 1375 2001 est,
1397 1955 1524 1994 Buth-

318 2012 462 2047 rotiam
492 2014 535 2047 et
563 2022 723 2047 causam
752 2015 796 2048 et
824 2014 1044 2059 civitatem,
1064 2025 1306 2065 quamquam
1325 2029 1348 2052 a
1367 2020 1410 2053 te
1429 2029 1524 2054 con·

317 2074 462 2110 stituta
495 2078 558 2111 est
593 2072 807 2121 (beneficia
839 2079 976 2112 autem
1010 2081 1148 2114 nostra
1180 2080 1285 2115 tueri
1317 2077 1522 2132 solemus),

320 2130 398 2165 884
