<?xml version="1.0" encoding="UTF-8"?>
<!DOCTYPE html PUBLIC "-//W3C//DTD XHTML 1.0 Transitional//EN"
    "http://www.w3.org/TR/xhtml1/DTD/xhtml1-transitional.dtd">
<html xmlns="http://www.w3.org/1999/xhtml" xml:lang="en" lang="en">
 <head>
  <title>
</title>
<meta http-equiv="Content-Type" content="text/html;charset=utf-8" />
  <meta name='ocr-system' content='tesseract 3.04.00' />
  <meta name='ocr-capabilities' content='ocr_page ocr_carea ocr_par ocr_line ocrx_word'/>
</head>
<body>
  <div class='ocr_page' id='page_1' title='image "./letterstoatticuswins03ciceuoft/letterstoatticuswins03ciceuoft_0042.png"; bbox 0 0 1592 2366; ppageno 0'>
   <div class='ocr_carea' id='block_1_1' title="bbox 575 173 1324 213">
    <p class='ocr_par' dir='ltr' id='par_1_1' title="bbox 575 173 1324 213">
     <span class='ocr_line' id='line_1_1' title="bbox 575 173 1324 213; baseline 0 -1"><span class='ocrx_word' id='word_1_1' title='bbox 575 176 615 212; x_wconf 91' lang='lat' dir='ltr'>M</span> <span class='ocrx_word' id='word_1_2' title='bbox 624 175 800 213; x_wconf 84' lang='lat' dir='ltr'><strong>ARCUS</strong></span> <span class='ocrx_word' id='word_1_3' title='bbox 839 174 1084 213; x_wconf 88' lang='lat' dir='ltr'>TULLIUS</span> <span class='ocrx_word' id='word_1_4' title='bbox 1122 173 1324 212; x_wconf 78' lang='lat' dir='ltr'>CICERO</span> 
     </span>
    </p>
   </div>
   <div class='ocr_carea' id='block_1_2' title="bbox 895 290 998 327">
    <p class='ocr_par' dir='ltr' id='par_1_2' title="bbox 895 290 998 327">
     <span class='ocr_line' id='line_1_2' title="bbox 895 290 998 327; baseline 0 0"><span class='ocrx_word' id='word_1_5' title='bbox 895 290 998 327; x_wconf 91' lang='lat' dir='ltr'>XIII</span> 
     </span>
    </p>
   </div>
   <div class='ocr_carea' id='block_1_3' title="bbox 741 376 1158 402">
    <p class='ocr_par' dir='ltr' id='par_1_3' title="bbox 741 376 1158 402">
     <span class='ocr_line' id='line_1_3' title="bbox 741 376 1158 402; baseline -0.002 0"><span class='ocrx_word' id='word_1_6' title='bbox 741 377 881 402; x_wconf 81' lang='lat' dir='ltr'>CICERO</span> <span class='ocrx_word' id='word_1_7' title='bbox 911 376 1051 402; x_wconf 74' lang='lat' dir='ltr'><strong>A&#39;r’rlco</strong></span> <span class='ocrx_word' id='word_1_8' title='bbox 1080 376 1158 402; x_wconf 71' lang='lat' dir='ltr'><strong>stu...</strong></span> 
     </span>
    </p>
   </div>
   <div class='ocr_carea' id='block_1_4' title="bbox 61 435 1552 555">
    <p class='ocr_par' dir='ltr' id='par_1_4' title="bbox 61 435 1552 555">
     <span class='ocr_line' id='line_1_4' title="bbox 61 435 1549 484; baseline -0.006 -1"><span class='ocrx_word' id='word_1_9' title='bbox 61 443 141 482; x_wconf 80' lang='lat' dir='ltr'><strong>Ser.</strong></span> <span class='ocrx_word' id='word_1_10' title='bbox 169 443 330 482; x_wconf 77' lang='lat' dir='ltr'><em>Asturae</em></span> <span class='ocrx_word' id='word_1_11' title='bbox 400 439 638 477; x_wconf 87' lang='lat' dir='ltr'><strong>Commovet</strong></span> <span class='ocrx_word' id='word_1_12' title='bbox 678 451 745 477; x_wconf 89' lang='lat' dir='ltr'><strong>me</strong></span> <span class='ocrx_word' id='word_1_13' title='bbox 788 439 951 484; x_wconf 86' lang='lat' dir='ltr'><strong>Attica;</strong></span> <span class='ocrx_word' id='word_1_14' title='bbox 997 441 1075 476; x_wconf 87' lang='lat' dir='ltr'><strong>etsi</strong></span> <span class='ocrx_word' id='word_1_15' title='bbox 1121 436 1328 476; x_wconf 85' lang='lat' dir='ltr'><strong>adsentior</strong></span> <span class='ocrx_word' id='word_1_16' title='bbox 1373 435 1549 474; x_wconf 86' lang='lat' dir='ltr'><strong>Cratero.</strong></span> 
     </span>
     <span class='ocr_line' id='line_1_5' title="bbox 63 496 1552 555; baseline -0.003 -11"><span class='ocrx_word' id='word_1_17' title='bbox 63 496 161 537; x_wconf 69' lang='lat' dir='ltr'><em>Non·</em></span> <span class='ocrx_word' id='word_1_18' title='bbox 182 497 302 535; x_wconf 70' lang='lat' dir='ltr'><em>Marl-</em></span> <span class='ocrx_word' id='word_1_19' title='bbox 347 505 462 543; x_wconf 90' lang='lat' dir='ltr'><strong>Bruti</strong></span> <span class='ocrx_word' id='word_1_20' title='bbox 481 505 643 543; x_wconf 82' lang='lat' dir='ltr'><strong>litterae</strong></span> <span class='ocrx_word' id='word_1_21' title='bbox 663 506 837 555; x_wconf 78' lang='lat' dir='ltr'><strong>scriptae</strong></span> <span class='ocrx_word' id='word_1_22' title='bbox 857 508 900 542; x_wconf 88' lang='lat' dir='ltr'><strong>et</strong></span> <span class='ocrx_word' id='word_1_23' title='bbox 923 502 1149 554; x_wconf 85' lang='lat' dir='ltr'><strong>prudenter</strong></span> <span class='ocrx_word' id='word_1_24' title='bbox 1176 507 1221 541; x_wconf 88' lang='lat' dir='ltr'><strong>et</strong></span> <span class='ocrx_word' id='word_1_25' title='bbox 1246 503 1376 540; x_wconf 82' lang='lat' dir='ltr'><strong>amice</strong></span> <span class='ocrx_word' id='word_1_26' title='bbox 1402 500 1552 540; x_wconf 79' lang='lat' dir='ltr'><strong>multas</strong></span> 
     </span>
    </p>
   </div>
   <div class='ocr_carea' id='block_1_5' title="bbox 62 553 199 592">
    <p class='ocr_par' dir='ltr' id='par_1_5' title="bbox 62 553 199 592">
     <span class='ocr_line' id='line_1_6' title="bbox 62 553 199 592; baseline 0.007 -1"><span class='ocrx_word' id='word_1_27' title='bbox 62 567 96 591; x_wconf 86' lang='lat' dir='ltr'><strong>a.</strong></span> <span class='ocrx_word' id='word_1_28' title='bbox 121 553 199 592; x_wconf 83' lang='lat'><strong>709</strong></span> 
     </span>
    </p>
   </div>
   <div class='ocr_carea' id='block_1_6' title="bbox 336 565 1553 1673">
    <p class='ocr_par' dir='ltr' id='par_1_6' title="bbox 336 565 1553 1673">
     <span class='ocr_line' id='line_1_7' title="bbox 345 565 1553 608; baseline -0.003 0"><span class='ocrx_word' id='word_1_29' title='bbox 345 571 444 608; x_wconf 89' lang='lat' dir='ltr'><strong>mihi</strong></span> <span class='ocrx_word' id='word_1_30' title='bbox 472 575 612 608; x_wconf 85' lang='lat' dir='ltr'><strong>tamen</strong></span> <span class='ocrx_word' id='word_1_31' title='bbox 640 569 822 607; x_wconf 73' lang='lat' dir='ltr'><strong>lacrimas</strong></span> <span class='ocrx_word' id='word_1_32' title='bbox 851 568 1091 607; x_wconf 86' lang='lat' dir='ltr'><strong>attulerunt.</strong></span> <span class='ocrx_word' id='word_1_33' title='bbox 1149 567 1219 605; x_wconf 90' lang='lat' dir='ltr'><strong>Me</strong></span> <span class='ocrx_word' id='word_1_34' title='bbox 1248 566 1349 605; x_wconf 91' lang='lat' dir='ltr'><strong>haec</strong></span> <span class='ocrx_word' id='word_1_35' title='bbox 1377 565 1553 605; x_wconf 90' lang='lat' dir='ltr'><strong>solitudo</strong></span> 
     </span>
     <span class='ocr_line' id='line_1_8' title="bbox 344 631 1552 686; baseline -0.002 -11"><span class='ocrx_word' id='word_1_36' title='bbox 344 640 477 675; x_wconf 88' lang='lat' dir='ltr'><strong>minus</strong></span> <span class='ocrx_word' id='word_1_37' title='bbox 496 635 679 675; x_wconf 90' lang='lat' dir='ltr'><strong>stimulat</strong></span> <span class='ocrx_word' id='word_1_38' title='bbox 697 648 818 686; x_wconf 85' lang='lat' dir='ltr'><strong>quam</strong></span> <span class='ocrx_word' id='word_1_39' title='bbox 843 637 921 673; x_wconf 86' lang='lat' dir='ltr'><strong>ista</strong></span> <span class='ocrx_word' id='word_1_40' title='bbox 939 633 1166 673; x_wconf 85' lang='lat' dir='ltr'><strong>celebritas.</strong></span> <span class='ocrx_word' id='word_1_41' title='bbox 1223 633 1283 671; x_wconf 92' lang='lat' dir='ltr'><strong>Te</strong></span> <span class='ocrx_word' id='word_1_42' title='bbox 1301 646 1428 671; x_wconf 91' lang='lat' dir='ltr'><strong>unum</strong></span> <span class='ocrx_word' id='word_1_43' title='bbox 1446 631 1552 672; x_wconf 82' lang='lat' dir='ltr'><strong>desi-</strong></span> 
     </span>
     <span class='ocr_line' id='line_1_9' title="bbox 343 697 1552 750; baseline -0.003 -10"><span class='ocrx_word' id='word_1_44' title='bbox 343 702 465 748; x_wconf 90' lang='lat' dir='ltr'><strong>dero;</strong></span> <span class='ocrx_word' id='word_1_45' title='bbox 493 701 566 740; x_wconf 89' lang='lat' dir='ltr'><strong>sed</strong></span> <span class='ocrx_word' id='word_1_46' title='bbox 594 700 742 739; x_wconf 87' lang='lat' dir='ltr'><strong>litteris</strong></span> <span class='ocrx_word' id='word_1_47' title='bbox 769 713 852 738; x_wconf 86' lang='lat' dir='ltr'><strong>non</strong></span> <span class='ocrx_word' id='word_1_48' title='bbox 880 699 1079 738; x_wconf 86' lang='lat' dir='ltr'><strong>difficilius</strong></span> <span class='ocrx_word' id='word_1_49' title='bbox 1108 703 1213 746; x_wconf 88' lang='lat' dir='ltr'><strong>utor,</strong></span> <span class='ocrx_word' id='word_1_50' title='bbox 1233 711 1354 750; x_wconf 83' lang='lat' dir='ltr'><strong>quam</strong></span> <span class='ocrx_word' id='word_1_51' title='bbox 1381 700 1415 736; x_wconf 88' lang='lat' dir='ltr'><strong>si</strong></span> <span class='ocrx_word' id='word_1_52' title='bbox 1442 697 1552 736; x_wconf 88' lang='lat' dir='ltr'><strong>domi</strong></span> 
     </span>
     <span class='ocr_line' id='line_1_10' title="bbox 343 765 1551 815; baseline -0.004 -9"><span class='ocrx_word' id='word_1_53' title='bbox 343 781 484 806; x_wconf 90' lang='lat' dir='ltr'><strong>essem.</strong></span> <span class='ocrx_word' id='word_1_54' title='bbox 542 766 676 805; x_wconf 88' lang='lat' dir='ltr'><strong>Ardor</strong></span> <span class='ocrx_word' id='word_1_55' title='bbox 699 771 838 804; x_wconf 81' lang='lat' dir='ltr'><strong>tamen</strong></span> <span class='ocrx_word' id='word_1_56' title='bbox 862 765 932 804; x_wconf 93' lang='lat' dir='ltr'><strong>ille</strong></span> <span class='ocrx_word' id='word_1_57' title='bbox 960 765 1070 803; x_wconf 90' lang='lat' dir='ltr'><strong>idem</strong></span> <span class='ocrx_word' id='word_1_58' title='bbox 1096 769 1217 815; x_wconf 90' lang='lat' dir='ltr'><strong>urget</strong></span> <span class='ocrx_word' id='word_1_59' title='bbox 1236 769 1280 803; x_wconf 87' lang='lat' dir='ltr'><strong>et</strong></span> <span class='ocrx_word' id='word_1_60' title='bbox 1298 769 1450 811; x_wconf 81' lang='lat' dir='ltr'><strong>manet,</strong></span> <span class='ocrx_word' id='word_1_61' title='bbox 1468 776 1551 802; x_wconf 90' lang='lat' dir='ltr'><strong>non</strong></span> 
     </span>
     <span class='ocr_line' id='line_1_11' title="bbox 342 829 1477 882; baseline -0.004 -10"><span class='ocrx_word' id='word_1_62' title='bbox 342 832 575 872; x_wconf 88' lang='lat' dir='ltr'><strong>mehercule</strong></span> <span class='ocrx_word' id='word_1_63' title='bbox 594 831 837 882; x_wconf 84' lang='lat' dir='ltr'><strong>indulgente</strong></span> <span class='ocrx_word' id='word_1_64' title='bbox 856 844 937 878; x_wconf 90' lang='lat' dir='ltr'><strong>me,</strong></span> <span class='ocrx_word' id='word_1_65' title='bbox 956 829 1030 869; x_wconf 89' lang='lat' dir='ltr'><strong>sed</strong></span> <span class='ocrx_word' id='word_1_66' title='bbox 1048 835 1188 869; x_wconf 87' lang='lat' dir='ltr'><strong>tamen</strong></span> <span class='ocrx_word' id='word_1_67' title='bbox 1207 833 1477 880; x_wconf 83' lang='lat' dir='ltr'><strong>repugnante.</strong></span> 
     </span>
     <span class='ocr_line' id='line_1_12' title="bbox 395 895 1551 948; baseline -0.003 -11"><span class='ocrx_word' id='word_1_68' title='bbox 395 898 517 947; x_wconf 87' lang='lat' dir='ltr'><strong>Quod</strong></span> <span class='ocrx_word' id='word_1_69' title='bbox 554 899 693 937; x_wconf 90' lang='lat' dir='ltr'><strong>scribis</strong></span> <span class='ocrx_word' id='word_1_70' title='bbox 725 897 779 936; x_wconf 92' lang='lat' dir='ltr'><strong>de</strong></span> <span class='ocrx_word' id='word_1_71' title='bbox 812 896 1030 948; x_wconf 86' lang='lat' dir='ltr'><strong>Appuleio,</strong></span> <span class='ocrx_word' id='word_1_72' title='bbox 1063 895 1166 934; x_wconf 88' lang='lat' dir='ltr'><strong>nihil</strong></span> <span class='ocrx_word' id='word_1_73' title='bbox 1197 900 1299 946; x_wconf 90' lang='lat' dir='ltr'><strong>puto</strong></span> <span class='ocrx_word' id='word_1_74' title='bbox 1331 908 1432 946; x_wconf 88' lang='lat' dir='ltr'><strong>opus</strong></span> <span class='ocrx_word' id='word_1_75' title='bbox 1463 907 1551 934; x_wconf 72' lang='lat' dir='ltr'><strong>esse</strong></span> 
     </span>
     <span class='ocr_line' id='line_1_13' title="bbox 341 960 1552 1013; baseline -0.002 -10"><span class='ocrx_word' id='word_1_76' title='bbox 341 970 412 1003; x_wconf 88' lang='lat' dir='ltr'><strong>tua</strong></span> <span class='ocrx_word' id='word_1_77' title='bbox 430 966 708 1010; x_wconf 86' lang='lat' dir='ltr'><strong>contentione,</strong></span> <span class='ocrx_word' id='word_1_78' title='bbox 728 975 805 1001; x_wconf 90' lang='lat' dir='ltr'><strong>nec</strong></span> <span class='ocrx_word' id='word_1_79' title='bbox 819 962 944 1000; x_wconf 90' lang='lat' dir='ltr'><strong>Balbo</strong></span> <span class='ocrx_word' id='word_1_80' title='bbox 963 967 1008 1001; x_wconf 90' lang='lat' dir='ltr'><strong>et</strong></span> <span class='ocrx_word' id='word_1_81' title='bbox 1027 961 1163 1013; x_wconf 92' lang='lat' dir='ltr'><strong>Oppio</strong></span> <span class='ocrx_word' id='word_1_82' title='bbox 1179 974 1189 1007; x_wconf 85' lang='lat'><em>3</em></span> <span class='ocrx_word' id='word_1_83' title='bbox 1218 961 1365 1012; x_wconf 88' lang='lat' dir='ltr'><strong>quibus</strong></span> <span class='ocrx_word' id='word_1_84' title='bbox 1385 960 1552 1012; x_wconf 89' lang='lat' dir='ltr'><strong>quidem</strong></span> 
     </span>
     <span class='ocr_line' id='line_1_14' title="bbox 342 1028 1551 1081; baseline -0.001 -14"><span class='ocrx_word' id='word_1_85' title='bbox 342 1030 409 1069; x_wconf 88' lang='lat' dir='ltr'><strong>ille</strong></span> <span class='ocrx_word' id='word_1_86' title='bbox 445 1034 658 1081; x_wconf 87' lang='lat' dir='ltr'><strong>receperat</strong></span> <span class='ocrx_word' id='word_1_87' title='bbox 694 1028 876 1080; x_wconf 91' lang='lat' dir='ltr'><strong>mihique</strong></span> <span class='ocrx_word' id='word_1_88' title='bbox 916 1030 1039 1067; x_wconf 81' lang='lat' dir='ltr'><strong>etiam</strong></span> <span class='ocrx_word' id='word_1_89' title='bbox 1083 1030 1256 1066; x_wconf 88' lang='lat' dir='ltr'><strong>iusserat</strong></span> <span class='ocrx_word' id='word_1_90' title='bbox 1291 1028 1471 1065; x_wconf 84' lang='lat' dir='ltr'><strong>nuntiari</strong></span> <span class='ocrx_word' id='word_1_91' title='bbox 1507 1039 1551 1066; x_wconf 86' lang='lat' dir='ltr'><strong>se</strong></span> 
     </span>
     <span class='ocr_line' id='line_1_15' title="bbox 339 1092 1552 1140; baseline -0.001 -7"><span class='ocrx_word' id='word_1_92' title='bbox 339 1095 556 1135; x_wconf 89' lang='lat' dir='ltr'><strong>molestum</strong></span> <span class='ocrx_word' id='word_1_93' title='bbox 574 1097 740 1133; x_wconf 91' lang='lat' dir='ltr'><strong>omnino</strong></span> <span class='ocrx_word' id='word_1_94' title='bbox 753 1107 834 1132; x_wconf 89' lang='lat' dir='ltr'><strong>non</strong></span> <span class='ocrx_word' id='word_1_95' title='bbox 855 1093 1049 1132; x_wconf 86' lang='lat' dir='ltr'><strong>futurum.</strong></span> <span class='ocrx_word' id='word_1_96' title='bbox 1089 1092 1172 1132; x_wconf 90' lang='lat' dir='ltr'><strong>Sed</strong></span> <span class='ocrx_word' id='word_1_97' title='bbox 1191 1105 1299 1140; x_wconf 87' lang='lat' dir='ltr'><strong>cura,</strong></span> <span class='ocrx_word' id='word_1_98' title='bbox 1317 1097 1365 1131; x_wconf 90' lang='lat' dir='ltr'><strong>ut</strong></span> <span class='ocrx_word' id='word_1_99' title='bbox 1383 1104 1552 1132; x_wconf 73' lang='lat' dir='ltr'><strong>excuser</strong></span> 
     </span>
     <span class='ocr_line' id='line_1_16' title="bbox 339 1157 1545 1210; baseline -0.003 -11"><span class='ocrx_word' id='word_1_100' title='bbox 339 1162 468 1199; x_wconf 91' lang='lat' dir='ltr'><strong>morbi</strong></span> <span class='ocrx_word' id='word_1_101' title='bbox 486 1173 605 1199; x_wconf 87' lang='lat' dir='ltr'><strong>causa</strong></span> <span class='ocrx_word' id='word_1_102' title='bbox 622 1163 665 1198; x_wconf 89' lang='lat' dir='ltr'><strong>in</strong></span> <span class='ocrx_word' id='word_1_103' title='bbox 685 1159 772 1198; x_wconf 84' lang='lat' dir='ltr'><strong>dies</strong></span> <span class='ocrx_word' id='word_1_104' title='bbox 791 1158 983 1210; x_wconf 87' lang='lat' dir='ltr'><strong>singulos.</strong></span> <span class='ocrx_word' id='word_1_105' title='bbox 1042 1157 1199 1196; x_wconf 85' lang='lat' dir='ltr'><strong>Laenas</strong></span> <span class='ocrx_word' id='word_1_106' title='bbox 1223 1157 1301 1196; x_wconf 86' lang='lat' dir='ltr'><strong>hoe</strong></span> <span class='ocrx_word' id='word_1_107' title='bbox 1319 1162 1545 1208; x_wconf 84' lang='lat' dir='ltr'><strong>receperat.</strong></span> 
     </span>
     <span class='ocr_line' id='line_1_17' title="bbox 342 1223 1549 1277; baseline -0.002 -13"><span class='ocrx_word' id='word_1_108' title='bbox 342 1227 499 1266; x_wconf 84' lang='lat' dir='ltr'><strong>Prende</strong></span> <span class='ocrx_word' id='word_1_109' title='bbox 525 1227 567 1265; x_wconf 94' lang='lat' dir='ltr'><strong>C.</strong></span> <span class='ocrx_word' id='word_1_110' title='bbox 589 1226 847 1277; x_wconf 87' lang='lat' dir='ltr'><strong>Septimium,</strong></span> <span class='ocrx_word' id='word_1_111' title='bbox 867 1224 914 1264; x_wconf 87' lang='lat' dir='ltr'><strong>L.</strong></span> <span class='ocrx_word' id='word_1_112' title='bbox 934 1224 1153 1264; x_wconf 84' lang='lat' dir='ltr'><strong>Statilium.</strong></span> <span class='ocrx_word' id='word_1_113' title='bbox 1212 1223 1403 1275; x_wconf 87' lang='lat' dir='ltr'><strong>Denique</strong></span> <span class='ocrx_word' id='word_1_114' title='bbox 1426 1236 1549 1262; x_wconf 86' lang='lat' dir='ltr'><strong>nemo</strong></span> 
     </span>
     <span class='ocr_line' id='line_1_18' title="bbox 339 1288 1547 1345; baseline -0.004 -13"><span class='ocrx_word' id='word_1_115' title='bbox 339 1294 508 1345; x_wconf 85' lang='lat' dir='ltr'><strong>negabit</strong></span> <span class='ocrx_word' id='word_1_116' title='bbox 537 1306 582 1331; x_wconf 88' lang='lat' dir='ltr'><strong>se</strong></span> <span class='ocrx_word' id='word_1_117' title='bbox 610 1295 849 1339; x_wconf 82' lang='lat' dir='ltr'><strong>iuraturum,</strong></span> <span class='ocrx_word' id='word_1_118' title='bbox 877 1304 1001 1343; x_wconf 90' lang='lat' dir='ltr'><strong>quem</strong></span> <span class='ocrx_word' id='word_1_119' title='bbox 1030 1293 1193 1342; x_wconf 88' lang='lat' dir='ltr'><strong>rogaris.</strong></span> <span class='ocrx_word' id='word_1_120' title='bbox 1254 1288 1375 1337; x_wconf 84' lang='lat' dir='ltr'><strong>Quod</strong></span> <span class='ocrx_word' id='word_1_121' title='bbox 1404 1291 1438 1328; x_wconf 89' lang='lat' dir='ltr'><strong>si</strong></span> <span class='ocrx_word' id='word_1_122' title='bbox 1467 1291 1547 1328; x_wconf 88' lang='lat' dir='ltr'><strong>erit</strong></span> 
     </span>
     <span class='ocr_line' id='line_1_19' title="bbox 337 1355 1543 1408; baseline -0.003 -11"><span class='ocrx_word' id='word_1_123' title='bbox 337 1359 489 1406; x_wconf 88' lang='lat' dir='ltr'><strong>durius,</strong></span> <span class='ocrx_word' id='word_1_124' title='bbox 511 1361 672 1397; x_wconf 86' lang='lat' dir='ltr'><strong>veniam</strong></span> <span class='ocrx_word' id='word_1_125' title='bbox 703 1362 748 1396; x_wconf 88' lang='lat' dir='ltr'><strong>et</strong></span> <span class='ocrx_word' id='word_1_126' title='bbox 779 1360 866 1408; x_wconf 87' lang='lat' dir='ltr'><strong>ipse</strong></span> <span class='ocrx_word' id='word_1_127' title='bbox 895 1361 1141 1408; x_wconf 86' lang='lat' dir='ltr'><strong>perpetuum</strong></span> <span class='ocrx_word' id='word_1_128' title='bbox 1173 1356 1360 1394; x_wconf 88' lang='lat' dir='ltr'><strong>morbum</strong></span> <span class='ocrx_word' id='word_1_129' title='bbox 1392 1355 1543 1394; x_wconf 87' lang='lat' dir='ltr'><strong>iurabo.</strong></span> 
     </span>
     <span class='ocr_line' id='line_1_20' title="bbox 338 1420 1548 1473; baseline -0.002 -11"><span class='ocrx_word' id='word_1_130' title='bbox 338 1425 439 1462; x_wconf 89' lang='lat' dir='ltr'><strong>Cum</strong></span> <span class='ocrx_word' id='word_1_131' title='bbox 459 1427 570 1463; x_wconf 89' lang='lat' dir='ltr'><strong>enim</strong></span> <span class='ocrx_word' id='word_1_132' title='bbox 591 1424 691 1462; x_wconf 91' lang='lat' dir='ltr'><strong>mihi</strong></span> <span class='ocrx_word' id='word_1_133' title='bbox 719 1423 938 1462; x_wconf 90' lang='lat' dir='ltr'><strong>carendum</strong></span> <span class='ocrx_word' id='word_1_134' title='bbox 958 1425 1011 1462; x_wconf 91' lang='lat' dir='ltr'><strong>sit</strong></span> <span class='ocrx_word' id='word_1_135' title='bbox 1036 1424 1242 1470; x_wconf 86' lang='lat' dir='ltr'><strong>conviviis,</strong></span> <span class='ocrx_word' id='word_1_136' title='bbox 1260 1420 1367 1460; x_wconf 89' lang='lat' dir='ltr'><strong>malo</strong></span> <span class='ocrx_word' id='word_1_137' title='bbox 1389 1421 1431 1459; x_wconf 92' lang='lat' dir='ltr'><strong>id</strong></span> <span class='ocrx_word' id='word_1_138' title='bbox 1453 1420 1548 1473; x_wconf 85' lang='lat' dir='ltr'><strong>lege</strong></span> 
     </span>
     <span class='ocr_line' id='line_1_21' title="bbox 338 1487 1546 1541; baseline 0 -14"><span class='ocrx_word' id='word_1_139' title='bbox 338 1489 464 1529; x_wconf 90' lang='lat' dir='ltr'><strong>videri</strong></span> <span class='ocrx_word' id='word_1_140' title='bbox 484 1490 618 1528; x_wconf 89' lang='lat' dir='ltr'><strong>facere</strong></span> <span class='ocrx_word' id='word_1_141' title='bbox 638 1502 759 1541; x_wconf 88' lang='lat' dir='ltr'><strong>quam</strong></span> <span class='ocrx_word' id='word_1_142' title='bbox 779 1488 930 1527; x_wconf 86' lang='lat' dir='ltr'><strong>dolore.</strong></span> <span class='ocrx_word' id='word_1_143' title='bbox 979 1488 1192 1527; x_wconf 87' lang='lat' dir='ltr'><strong>Cocceium</strong></span> <span class='ocrx_word' id='word_1_144' title='bbox 1211 1487 1334 1526; x_wconf 86' lang='lat' dir='ltr'><strong>velim</strong></span> <span class='ocrx_word' id='word_1_145' title='bbox 1352 1487 1546 1539; x_wconf 83' lang='lat' dir='ltr'><strong>appelles.</strong></span> 
     </span>
     <span class='ocr_line' id='line_1_22' title="bbox 338 1552 1548 1604; baseline -0.002 -11"><span class='ocrx_word' id='word_1_146' title='bbox 338 1555 458 1603; x_wconf 87' lang='lat' dir='ltr'><strong>Quod</strong></span> <span class='ocrx_word' id='word_1_147' title='bbox 495 1557 605 1594; x_wconf 88' lang='lat' dir='ltr'><strong>enim</strong></span> <span class='ocrx_word' id='word_1_148' title='bbox 642 1554 814 1602; x_wconf 86' lang='lat' dir='ltr'><strong>dixerat,</strong></span> <span class='ocrx_word' id='word_1_149' title='bbox 847 1567 930 1592; x_wconf 89' lang='lat' dir='ltr'><strong>non</strong></span> <span class='ocrx_word' id='word_1_150' title='bbox 976 1553 1084 1592; x_wconf 88' lang='lat' dir='ltr'><strong>facit.</strong></span> <span class='ocrx_word' id='word_1_151' title='bbox 1154 1553 1243 1604; x_wconf 86' lang='lat' dir='ltr'><strong>Ego</strong></span> <span class='ocrx_word' id='word_1_152' title='bbox 1280 1557 1419 1591; x_wconf 87' lang='lat' dir='ltr'><strong>autem</strong></span> <span class='ocrx_word' id='word_1_153' title='bbox 1457 1552 1548 1591; x_wconf 89' lang='lat' dir='ltr'><strong>volo</strong></span> 
     </span>
     <span class='ocr_line' id='line_1_23' title="bbox 336 1618 1492 1673; baseline -0.002 -14"><span class='ocrx_word' id='word_1_154' title='bbox 336 1621 499 1673; x_wconf 86' lang='lat' dir='ltr'><strong>aliquod</strong></span> <span class='ocrx_word' id='word_1_155' title='bbox 520 1633 656 1659; x_wconf 89' lang='lat' dir='ltr'><strong>emere</strong></span> <span class='ocrx_word' id='word_1_156' title='bbox 679 1619 895 1658; x_wconf 85' lang='lat' dir='ltr'><strong>latibulum</strong></span> <span class='ocrx_word' id='word_1_157' title='bbox 917 1625 961 1658; x_wconf 88' lang='lat' dir='ltr'><strong>et</strong></span> <span class='ocrx_word' id='word_1_158' title='bbox 980 1619 1212 1671; x_wconf 85' lang='lat' dir='ltr'><strong>perfugium</strong></span> <span class='ocrx_word' id='word_1_159' title='bbox 1231 1618 1380 1657; x_wconf 89' lang='lat' dir='ltr'><strong>doloris</strong></span> <span class='ocrx_word' id='word_1_160' title='bbox 1398 1620 1492 1657; x_wconf 86' lang='lat' dir='ltr'><strong>mei.</strong></span> 
     </span>
    </p>
   </div>
   <div class='ocr_carea' id='block_1_7' title="bbox 734 1827 1151 1854">
    <p class='ocr_par' dir='ltr' id='par_1_7' title="bbox 734 1827 1151 1854">
     <span class='ocr_line' id='line_1_24' title="bbox 734 1827 1151 1854; baseline -0.005 0"><span class='ocrx_word' id='word_1_161' title='bbox 734 1829 874 1854; x_wconf 72' lang='lat' dir='ltr'>CICERO</span> <span class='ocrx_word' id='word_1_162' title='bbox 903 1828 1044 1854; x_wconf 78' lang='lat' dir='ltr'>ATTICO</span> <span class='ocrx_word' id='word_1_163' title='bbox 1072 1827 1151 1853; x_wconf 69' lang='lat' dir='ltr'><strong>SAL.</strong></span> 
     </span>
    </p>
   </div>
   <div class='ocr_carea' id='block_1_8' title="bbox 52 1886 1545 1941">
    <p class='ocr_par' dir='ltr' id='par_1_8' title="bbox 52 1886 1545 1941">
     <span class='ocr_line' id='line_1_25' title="bbox 52 1886 1545 1941; baseline -0.007 -7"><span class='ocrx_word' id='word_1_164' title='bbox 52 1897 130 1935; x_wconf 82' lang='lat' dir='ltr'><strong>Ser.</strong></span> <span class='ocrx_word' id='word_1_165' title='bbox 161 1897 322 1933; x_wconf 84' lang='lat' dir='ltr'><strong>Asturae</strong></span> <span class='ocrx_word' id='word_1_166' title='bbox 394 1892 457 1930; x_wconf 90' lang='lat' dir='ltr'><strong>De</strong></span> <span class='ocrx_word' id='word_1_167' title='bbox 477 1904 542 1929; x_wconf 90' lang='lat' dir='ltr'><strong>me</strong></span> <span class='ocrx_word' id='word_1_168' title='bbox 563 1890 793 1930; x_wconf 86' lang='lat' dir='ltr'><strong>excusando</strong></span> <span class='ocrx_word' id='word_1_169' title='bbox 819 1889 927 1941; x_wconf 89' lang='lat' dir='ltr'><strong>apud</strong></span> <span class='ocrx_word' id='word_1_170' title='bbox 949 1888 1195 1940; x_wconf 91' lang='lat' dir='ltr'><strong>Appuleium</strong></span> <span class='ocrx_word' id='word_1_171' title='bbox 1218 1887 1411 1926; x_wconf 84' lang='lat' dir='ltr'><strong>dederam</strong></span> <span class='ocrx_word' id='word_1_172' title='bbox 1430 1886 1482 1925; x_wconf 90' lang='lat' dir='ltr'><strong>ad</strong></span> <span class='ocrx_word' id='word_1_173' title='bbox 1501 1892 1545 1925; x_wconf 88' lang='lat' dir='ltr'><strong>te</strong></span> 
     </span>
    </p>
   </div>
   <div class='ocr_carea' id='block_1_9' title="bbox 58 1950 240 1988">
    <p class='ocr_par' dir='ltr' id='par_1_9' title="bbox 58 1950 240 1988">
     <span class='ocr_line' id='line_1_26' title="bbox 58 1950 240 1988; baseline -0.005 0"><span class='ocrx_word' id='word_1_174' title='bbox 58 1950 166 1988; x_wconf 90' lang='lat' dir='ltr'><strong>VIII</strong></span> <span class='ocrx_word' id='word_1_175' title='bbox 185 1950 240 1987; x_wconf 86' lang='lat' dir='ltr'><strong>Id.</strong></span> 
     </span>
    </p>
   </div>
   <div class='ocr_carea' id='block_1_10' title="bbox 338 1951 1544 2008">
    <p class='ocr_par' dir='ltr' id='par_1_10' title="bbox 338 1951 1544 2008">
     <span class='ocr_line' id='line_1_27' title="bbox 338 1951 1544 2008; baseline -0.005 -13"><span class='ocrx_word' id='word_1_176' title='bbox 338 1957 468 2008; x_wconf 90' lang='lat' dir='ltr'><strong>pridie</strong></span> <span class='ocrx_word' id='word_1_177' title='bbox 486 1956 655 1995; x_wconf 88' lang='lat' dir='ltr'><strong>litteras.</strong></span> <span class='ocrx_word' id='word_1_178' title='bbox 715 1955 827 1993; x_wconf 90' lang='lat' dir='ltr'><strong>Nihil</strong></span> <span class='ocrx_word' id='word_1_179' title='bbox 854 1968 942 1993; x_wconf 88' lang='lat' dir='ltr'><strong>esse</strong></span> <span class='ocrx_word' id='word_1_180' title='bbox 968 1957 1123 2005; x_wconf 87' lang='lat' dir='ltr'><strong>negotii</strong></span> <span class='ocrx_word' id='word_1_181' title='bbox 1151 1954 1332 1991; x_wconf 85' lang='lat' dir='ltr'><strong>arbitror.</strong></span> <span class='ocrx_word' id='word_1_182' title='bbox 1391 1951 1544 2000; x_wconf 85' lang='lat' dir='ltr'><strong>Quem-</strong></span> 
     </span>
    </p>
   </div>
   <div class='ocr_carea' id='block_1_11' title="bbox 54 2003 1543 2075">
    <p class='ocr_par' dir='ltr' id='par_1_11' title="bbox 54 2003 1543 2075">
     <span class='ocr_line' id='line_1_28' title="bbox 54 2003 1543 2075; baseline 0.001 -18"><span class='ocrx_word' id='word_1_183' title='bbox 54 2003 170 2042; x_wconf 70' lang='lat' dir='ltr'><em>M‘m·</em></span> <span class='ocrx_word' id='word_1_184' title='bbox 187 2018 222 2042; x_wconf 73' lang='lat'><strong>‘¹-</strong></span> <span class='ocrx_word' id='word_1_185' title='bbox 244 2005 321 2043; x_wconf 80' lang='lat'><strong>709</strong></span> <span class='ocrx_word' id='word_1_186' title='bbox 337 2035 511 2075; x_wconf 90' lang='lat' dir='ltr'><strong>cumque</strong></span> <span class='ocrx_word' id='word_1_187' title='bbox 539 2021 769 2073; x_wconf 87' lang='lat' dir='ltr'><strong>appellaris,</strong></span> <span class='ocrx_word' id='word_1_188' title='bbox 797 2033 920 2060; x_wconf 92' lang='lat' dir='ltr'><strong>nemo</strong></span> <span class='ocrx_word' id='word_1_189' title='bbox 947 2020 1127 2072; x_wconf 89' lang='lat' dir='ltr'><strong>negabit.</strong></span> <span class='ocrx_word' id='word_1_190' title='bbox 1185 2018 1267 2059; x_wconf 90' lang='lat' dir='ltr'><strong>Sed</strong></span> <span class='ocrx_word' id='word_1_191' title='bbox 1299 2017 1543 2070; x_wconf 86' lang='lat' dir='ltr'><strong>Septimium</strong></span> 
     </span>
    </p>
   </div>
   <div class='ocr_carea' id='block_1_12' title="bbox 335 2150 388 2191">
    <p class='ocr_par' dir='ltr' id='par_1_12' title="bbox 335 2150 388 2191">
     <span class='ocr_line' id='line_1_29' title="bbox 335 2150 388 2191; baseline -0.019 0"><span class='ocrx_word' id='word_1_192' title='bbox 335 2150 388 2191; x_wconf 80' lang='grc'><strong>26</strong></span> 
     </span>
    </p>
   </div>
  </div>
 </body>
</html>
