<?xml version="1.0" encoding="UTF-8"?>
<!DOCTYPE html PUBLIC "-//W3C//DTD XHTML 1.0 Transitional//EN"
    "http://www.w3.org/TR/xhtml1/DTD/xhtml1-transitional.dtd">
<html xmlns="http://www.w3.org/1999/xhtml" xml:lang="en" lang="en">
 <head>
  <title>
</title>
<meta http-equiv="Content-Type" content="text/html;charset=utf-8" />
  <meta name='ocr-system' content='tesseract 3.04.00' />
  <meta name='ocr-capabilities' content='ocr_page ocr_carea ocr_par ocr_line ocrx_word'/>
</head>
<body>
  <div class='ocr_page' id='page_1' title='image "./letterstoatticuswins03ciceuoft_0414.png"; bbox 0 0 1572 2378; ppageno 0'>
   <div class='ocr_carea' id='block_1_1' title="bbox 551 160 1300 202">
    <p class='ocr_par' dir='ltr' id='par_1_1' title="bbox 551 160 1300 202">
     <span class='ocr_line' id='line_1_1' title="bbox 551 160 1300 202; baseline -0.005 0"><span class='ocrx_word' id='word_1_1' title='bbox 551 163 777 202; x_wconf 87' lang='lat' dir='ltr'>MARCUS</span> <span class='ocrx_word' id='word_1_2' title='bbox 816 161 1061 201; x_wconf 91' lang='lat' dir='ltr'>TULLIUS</span> <span class='ocrx_word' id='word_1_3' title='bbox 1099 160 1300 199; x_wconf 86' lang='lat' dir='ltr'>CICERO</span> 
     </span>
    </p>
   </div>
   <div class='ocr_carea' id='block_1_2' title="bbox 321 246 1549 304">
    <p class='ocr_par' dir='ltr' id='par_1_2' title="bbox 321 246 1562 304">
     <span class='ocr_line' id='line_1_2' title="bbox 321 246 1549 304; baseline -0.005 -13"><span class='ocrx_word' id='word_1_4' title='bbox 321 252 428 304; x_wconf 91' lang='lat' dir='ltr'>quod</span> <span class='ocrx_word' id='word_1_5' title='bbox 458 266 547 291; x_wconf 84' lang='lat' dir='ltr'>eam</span> <span class='ocrx_word' id='word_1_6' title='bbox 576 254 916 303; x_wconf 81' lang='lat' dir='ltr'>vituperationem</span> <span class='ocrx_word' id='word_1_7' title='bbox 945 250 1185 301; x_wconf 85' lang='lat' dir='ltr'>effugissem,</span> <span class='ocrx_word' id='word_1_8' title='bbox 1213 262 1279 287; x_wconf 90' lang='lat' dir='ltr'>me</span> <span class='ocrx_word' id='word_1_9' title='bbox 1307 246 1526 287; x_wconf 62' lang='lat' dir='ltr'>existimari</span> <span class='ocrx_word' id='word_1_10' title='bbox 1546 251 1549 253; x_wconf 75' lang='grc'><em>’</em></span> 
     </span>
    </p>
   </div>
   <div class='ocr_carea' id='block_1_3' title="bbox 1525 0 1572 2378">
    <p class='ocr_par' dir='ltr' id='par_1_3' title="bbox 1525 0 1572 2378">
     <span class='ocr_line' id='line_1_3' title="bbox 1525 0 1572 407; baseline 0 -124"><span class='ocrx_word' id='word_1_11' title='bbox 1525 0 1572 407; x_wconf 95' lang='lat' dir='ltr'>     </span> 
     </span>
     <span class='ocr_line' id='line_1_4' title="bbox 1525 407 1572 502; baseline 0 -46"><span class='ocrx_word' id='word_1_12' title='bbox 1525 407 1572 502; x_wconf 95' lang='lat' dir='ltr'>  </span> 
     </span>
     <span class='ocr_line' id='line_1_5' title="bbox 1527 502 1572 753; baseline 0 -38"><span class='ocrx_word' id='word_1_13' title='bbox 1527 502 1572 753; x_wconf 95' lang='lat' dir='ltr'>    </span> 
     </span>
     <span class='ocr_line' id='line_1_6' title="bbox 1529 753 1572 939; baseline 0 -144"><span class='ocrx_word' id='word_1_14' title='bbox 1529 753 1572 939; x_wconf 95' lang='lat' dir='ltr'>    </span> 
     </span>
     <span class='ocr_line' id='line_1_7' title="bbox 1525 970 1572 1218; baseline 0 -69"><span class='ocrx_word' id='word_1_15' title='bbox 1525 970 1572 1218; x_wconf 95' lang='lat' dir='ltr'>     </span> 
     </span>
     <span class='ocr_line' id='line_1_8' title="bbox 1533 1218 1572 1430; baseline 0 -176"><span class='ocrx_word' id='word_1_16' title='bbox 1533 1218 1572 1430; x_wconf 95' lang='lat' dir='ltr'>     </span> 
     </span>
     <span class='ocr_line' id='line_1_9' title="bbox 1533 1430 1572 1468; baseline 0 910"><span class='ocrx_word' id='word_1_17' title='bbox 1533 1430 1572 1468; x_wconf 95' lang='lat' dir='ltr'> </span> 
     </span>
     <span class='ocr_line' id='line_1_10' title="bbox 1525 1468 1572 1718; baseline 0 -72"><span class='ocrx_word' id='word_1_18' title='bbox 1525 1468 1572 1718; x_wconf 95' lang='lat' dir='ltr'>     </span> 
     </span>
     <span class='ocr_line' id='line_1_11' title="bbox 1533 1718 1572 1793; baseline 0 0"><span class='ocrx_word' id='word_1_19' title='bbox 1533 1718 1572 1793; x_wconf 95' lang='lat' dir='ltr'>  </span> 
     </span>
     <span class='ocr_line' id='line_1_12' title="bbox 1537 1793 1572 1827; baseline 0 551"><span class='ocrx_word' id='word_1_20' title='bbox 1537 1793 1572 1827; x_wconf 95' lang='lat' dir='ltr'> </span> 
     </span>
     <span class='ocr_line' id='line_1_13' title="bbox 1525 1827 1572 2378; baseline 0 0"><span class='ocrx_word' id='word_1_21' title='bbox 1525 1827 1572 2378; x_wconf 95' lang='lat' dir='ltr'>     </span> 
     </span>
    </p>
   </div>
   <div class='ocr_carea' id='block_1_4' title="bbox 321 314 1571 2084">
    <p class='ocr_par' dir='ltr' id='par_1_4' title="bbox 321 314 1567 516">
     <span class='ocr_line' id='line_1_14' title="bbox 321 314 1555 376; baseline -0.003 -15"><span class='ocrx_word' id='word_1_22' title='bbox 321 324 373 362; x_wconf 87' lang='lat' dir='ltr'>ad</span> <span class='ocrx_word' id='word_1_23' title='bbox 393 323 594 376; x_wconf 88' lang='lat' dir='ltr'>Olympia.</span> <span class='ocrx_word' id='word_1_24' title='bbox 654 323 747 360; x_wconf 93' lang='lat' dir='ltr'>Hoc</span> <span class='ocrx_word' id='word_1_25' title='bbox 767 335 862 360; x_wconf 85' lang='lat' dir='ltr'>vero</span> <span class='ocrx_word' id='word_1_26' title='bbox 881 322 982 359; x_wconf 89' lang='lat' dir='ltr'>nihil</span> <span class='ocrx_word' id='word_1_27' title='bbox 1003 324 1159 372; x_wconf 81' lang='lat' dir='ltr'>turpius</span> <span class='ocrx_word' id='word_1_28' title='bbox 1179 322 1319 372; x_wconf 85' lang='lat' dir='ltr'>quovis</span> <span class='ocrx_word' id='word_1_29' title='bbox 1343 321 1402 358; x_wconf 85' lang='lat' dir='ltr'>rei</span> <span class='ocrx_word' id='word_1_30' title='bbox 1423 314 1527 371; x_wconf 63' lang='lat' dir='ltr'>pub-</span> <span class='ocrx_word' id='word_1_31' title='bbox 1549 358 1555 364; x_wconf 25' lang='lat'>⁴.</span> 
     </span>
     <span class='ocr_line' id='line_1_15' title="bbox 322 392 1528 445; baseline -0.004 -12"><span class='ocrx_word' id='word_1_32' title='bbox 322 395 423 433; x_wconf 85' lang='lat' dir='ltr'>licae</span> <span class='ocrx_word' id='word_1_33' title='bbox 438 400 635 445; x_wconf 84' lang='lat' dir='ltr'>tempore,</span> <span class='ocrx_word' id='word_1_34' title='bbox 653 393 725 432; x_wconf 89' lang='lat' dir='ltr'>sed</span> <span class='ocrx_word' id='word_1_35' title='bbox 741 394 817 431; x_wconf 91' lang='lat' dir='ltr'>hoc</span> <span class='ocrx_word' id='word_1_36' title='bbox 837 392 1131 444; x_wconf 79' lang='grc' dir='ltr'>ἀναπολόγητον.</span> <span class='ocrx_word' id='word_1_37' title='bbox 1181 392 1270 441; x_wconf 85' lang='lat' dir='ltr'>Ego</span> <span class='ocrx_word' id='word_1_38' title='bbox 1284 403 1380 430; x_wconf 86' lang='lat' dir='ltr'>vero</span> <span class='ocrx_word' id='word_1_39' title='bbox 1393 394 1528 439; x_wconf 58' lang='lat' dir='ltr'>austro</span> 
     </span>
     <span class='ocr_line' id='line_1_16' title="bbox 323 463 1383 516; baseline -0.004 -13"><span class='ocrx_word' id='word_1_40' title='bbox 323 468 472 516; x_wconf 80' lang='lat' dir='ltr'><strong>gratias</strong></span> <span class='ocrx_word' id='word_1_41' title='bbox 493 468 622 512; x_wconf 87' lang='lat' dir='ltr'>miras,</span> <span class='ocrx_word' id='word_1_42' title='bbox 645 467 714 516; x_wconf 91' lang='lat' dir='ltr'>qui</span> <span class='ocrx_word' id='word_1_43' title='bbox 733 477 799 502; x_wconf 90' lang='lat' dir='ltr'>me</span> <span class='ocrx_word' id='word_1_44' title='bbox 819 477 842 501; x_wconf 83' lang='lat' dir='ltr'>a</span> <span class='ocrx_word' id='word_1_45' title='bbox 860 469 976 502; x_wconf 85' lang='lat' dir='ltr'>tanta</span> <span class='ocrx_word' id='word_1_46' title='bbox 995 463 1160 501; x_wconf 68' lang='lat' dir='ltr'>infamia</span> <span class='ocrx_word' id='word_1_47' title='bbox 1179 463 1562 500; x_wconf 83' lang='lat' dir='ltr'>averterit.</span> 
     </span>
    </p>

    <p class='ocr_par' dir='ltr' id='par_1_5' title="bbox 323 515 1571 1155">
     <span class='ocr_line' id='line_1_17' title="bbox 380 522 1570 586; baseline -0.003 -12"><span class='ocrx_word' id='word_1_48' title='bbox 380 537 633 574; x_wconf 85' lang='lat' dir='ltr'>Reversionis</span> <span class='ocrx_word' id='word_1_49' title='bbox 653 535 725 573; x_wconf 86' lang='lat' dir='ltr'>has</span> <span class='ocrx_word' id='word_1_50' title='bbox 745 537 944 586; x_wconf 88' lang='lat' dir='ltr'>speciosas</span> <span class='ocrx_word' id='word_1_51' title='bbox 967 547 1104 572; x_wconf 86' lang='lat' dir='ltr'>causas</span> <span class='ocrx_word' id='word_1_52' title='bbox 1132 533 1271 580; x_wconf 85' lang='lat' dir='ltr'>habes,</span> <span class='ocrx_word' id='word_1_53' title='bbox 1289 535 1415 571; x_wconf 75' lang='lat' dir='ltr'>iustas</span> <span class='ocrx_word' id='word_1_54' title='bbox 1439 528 1529 575; x_wconf 59' lang='lat' dir='ltr'>illas</span> <span class='ocrx_word' id='word_1_55' title='bbox 1543 522 1570 551; x_wconf 70' lang='lat' dir='ltr'>i</span> 
     </span>
     <span class='ocr_line' id='line_1_18' title="bbox 323 602 1528 659; baseline -0.002 -13"><span class='ocrx_word' id='word_1_56' title='bbox 323 608 489 659; x_wconf 86' lang='lat' dir='ltr'>quidem</span> <span class='ocrx_word' id='word_1_57' title='bbox 509 613 552 646; x_wconf 89' lang='lat' dir='ltr'>et</span> <span class='ocrx_word' id='word_1_58' title='bbox 571 620 762 657; x_wconf 87' lang='lat' dir='ltr'>magnas;</span> <span class='ocrx_word' id='word_1_59' title='bbox 791 606 863 644; x_wconf 91' lang='lat' dir='ltr'>sed</span> <span class='ocrx_word' id='word_1_60' title='bbox 889 606 1001 644; x_wconf 85' lang='lat' dir='ltr'>nulla</span> <span class='ocrx_word' id='word_1_61' title='bbox 1026 608 1179 653; x_wconf 76' lang='lat' dir='ltr'>iustior,</span> <span class='ocrx_word' id='word_1_62' title='bbox 1199 618 1319 657; x_wconf 82' lang='lat' dir='ltr'>quam</span> <span class='ocrx_word' id='word_1_63' title='bbox 1347 602 1457 658; x_wconf 72' lang='lat' dir='ltr'>quod</span> <span class='ocrx_word' id='word_1_64' title='bbox 1481 608 1528 647; x_wconf 70' lang='lat' dir='ltr'>tu</span> 
     </span>
     <span class='ocr_line' id='line_1_19' title="bbox 324 675 1563 727; baseline -0.003 -9"><span class='ocrx_word' id='word_1_65' title='bbox 324 680 434 718; x_wconf 90' lang='lat' dir='ltr'>idem</span> <span class='ocrx_word' id='word_1_66' title='bbox 466 679 554 717; x_wconf 86' lang='lat' dir='ltr'>aliis</span> <span class='ocrx_word' id='word_1_67' title='bbox 585 679 758 717; x_wconf 87' lang='lat' dir='ltr'>litteris:</span> <span class='ocrx_word' id='word_1_68' title='bbox 800 678 1020 725; x_wconf 85' lang='lat' dir='ltr'>“Provide,</span> <span class='ocrx_word' id='word_1_69' title='bbox 1054 680 1087 715; x_wconf 89' lang='lat' dir='ltr'>si</span> <span class='ocrx_word' id='word_1_70' title='bbox 1119 679 1183 715; x_wconf 92' lang='lat' dir='ltr'>cui</span> <span class='ocrx_word' id='word_1_71' title='bbox 1214 675 1310 727; x_wconf 91' lang='lat' dir='ltr'>quid</span> <span class='ocrx_word' id='word_1_72' title='bbox 1343 675 1563 726; x_wconf 47' lang='lat' dir='ltr'>debetur„</span> 
     </span>
     <span class='ocr_line' id='line_1_20' title="bbox 324 746 1571 818; baseline -0.004 -29"><span class='ocrx_word' id='word_1_73' title='bbox 324 756 372 789; x_wconf 79' lang='lat' dir='ltr'>ut</span> <span class='ocrx_word' id='word_1_74' title='bbox 403 753 466 797; x_wconf 86' lang='lat' dir='ltr'>sit,</span> <span class='ocrx_word' id='word_1_75' title='bbox 501 750 609 788; x_wconf 89' lang='lat' dir='ltr'>unde</span> <span class='ocrx_word' id='word_1_76' title='bbox 639 763 712 800; x_wconf 78' lang='lat' dir='ltr'>pai</span> <span class='ocrx_word' id='word_1_77' title='bbox 741 751 826 800; x_wconf 82' lang='lat' dir='ltr'>pari</span> <span class='ocrx_word' id='word_1_78' title='bbox 858 748 1160 800; x_wconf 14' lang='lat' dir='ltr'>imespondeatur</span> <span class='ocrx_word' id='word_1_79' title='bbox 1221 746 1390 785; x_wconf 82' lang='lat' dir='ltr'>Mirifica</span> <span class='ocrx_word' id='word_1_80' title='bbox 1421 746 1571 818; x_wconf 16' lang='lat' dir='ltr'>enims-‘⁷</span> 
     </span>
     <span class='ocr_line' id='line_1_21' title="bbox 325 809 1560 875; baseline -0.003 -13"><span class='ocrx_word' id='word_1_81' title='bbox 325 823 563 875; x_wconf 84' lang='grc' dir='ltr'>δυσχρηστιά</span> <span class='ocrx_word' id='word_1_82' title='bbox 591 826 654 859; x_wconf 92' lang='lat' dir='ltr'>est</span> <span class='ocrx_word' id='word_1_83' title='bbox 681 826 847 872; x_wconf 86' lang='lat' dir='ltr'>propter</span> <span class='ocrx_word' id='word_1_84' title='bbox 869 825 1026 858; x_wconf 89' lang='lat' dir='ltr'>metum</span> <span class='ocrx_word' id='word_1_85' title='bbox 1048 832 1260 857; x_wconf 88' lang='lat' dir='ltr'>armorum.</span> <span class='ocrx_word' id='word_1_86' title='bbox 1266 818 1288 832; x_wconf 85' lang='lat'>&#39;&#39;</span> <span class='ocrx_word' id='word_1_87' title='bbox 1347 817 1396 856; x_wconf 91' lang='lat' dir='ltr'>In</span> <span class='ocrx_word' id='word_1_88' title='bbox 1424 809 1531 873; x_wconf 77' lang='lat' dir='ltr'>freto</span> <span class='ocrx_word' id='word_1_89' title='bbox 1553 817 1560 863; x_wconf 74' lang='grc' dir='ltr'><strong><em>Ῐ</em></strong></span> 
     </span>
     <span class='ocr_line' id='line_1_22' title="bbox 325 886 1553 943; baseline -0.002 -11"><span class='ocrx_word' id='word_1_90' title='bbox 325 893 461 932; x_wconf 89' lang='lat' dir='ltr'>medio</span> <span class='ocrx_word' id='word_1_91' title='bbox 493 893 597 930; x_wconf 87' lang='lat' dir='ltr'>hanc</span> <span class='ocrx_word' id='word_1_92' title='bbox 631 892 846 943; x_wconf 80' lang='lat' dir='ltr'>epistulam</span> <span class='ocrx_word' id='word_1_93' title='bbox 882 891 980 942; x_wconf 88' lang='lat' dir='ltr'>legi,</span> <span class='ocrx_word' id='word_1_94' title='bbox 1016 896 1076 938; x_wconf 87' lang='lat' dir='ltr'>ut,</span> <span class='ocrx_word' id='word_1_95' title='bbox 1109 889 1207 941; x_wconf 91' lang='lat' dir='ltr'>quid</span> <span class='ocrx_word' id='word_1_96' title='bbox 1244 901 1403 941; x_wconf 85' lang='lat' dir='ltr'>possem</span> <span class='ocrx_word' id='word_1_97' title='bbox 1439 895 1530 940; x_wconf 56' lang='lat' dir='ltr'>prm</span> <span class='ocrx_word' id='word_1_98' title='bbox 1547 886 1553 891; x_wconf 43' lang='grc'><strong>1</strong></span> 
     </span>
     <span class='ocr_line' id='line_1_23' title="bbox 326 963 1554 1012; baseline -0.002 -9"><span class='ocrx_word' id='word_1_99' title='bbox 326 965 476 1011; x_wconf 84' lang='lat' dir='ltr'>videre,</span> <span class='ocrx_word' id='word_1_100' title='bbox 496 967 539 1001; x_wconf 89' lang='lat' dir='ltr'>in</span> <span class='ocrx_word' id='word_1_101' title='bbox 559 969 742 1001; x_wconf 87' lang='lat' dir='ltr'>mentem</span> <span class='ocrx_word' id='word_1_102' title='bbox 760 963 860 1000; x_wconf 90' lang='lat' dir='ltr'>mihi</span> <span class='ocrx_word' id='word_1_103' title='bbox 879 975 962 1000; x_wconf 89' lang='lat' dir='ltr'>non</span> <span class='ocrx_word' id='word_1_104' title='bbox 982 964 1153 1007; x_wconf 84' lang='lat' dir='ltr'>veniret,</span> <span class='ocrx_word' id='word_1_105' title='bbox 1174 963 1250 999; x_wconf 87' lang='lat' dir='ltr'>nisi</span> <span class='ocrx_word' id='word_1_106' title='bbox 1269 965 1317 999; x_wconf 83' lang='lat' dir='ltr'>ut</span> <span class='ocrx_word' id='word_1_107' title='bbox 1340 963 1531 1012; x_wconf 73' lang='lat' dir='ltr'>praesens</span> <span class='ocrx_word' id='word_1_108' title='bbox 1549 965 1554 968; x_wconf 67' lang='grc'>”</span> 
     </span>
     <span class='ocr_line' id='line_1_24' title="bbox 326 1023 1560 1089; baseline -0.003 -13"><span class='ocrx_word' id='word_1_109' title='bbox 326 1050 392 1076; x_wconf 90' lang='lat' dir='ltr'>me</span> <span class='ocrx_word' id='word_1_110' title='bbox 421 1040 507 1088; x_wconf 90' lang='lat' dir='ltr'>ipse</span> <span class='ocrx_word' id='word_1_111' title='bbox 536 1034 814 1074; x_wconf 82' lang='lat' dir='ltr'>defenderem.</span> <span class='ocrx_word' id='word_1_112' title='bbox 873 1033 955 1072; x_wconf 89' lang='lat' dir='ltr'>Sed</span> <span class='ocrx_word' id='word_1_113' title='bbox 983 1033 1083 1071; x_wconf 87' lang='lat' dir='ltr'>haec</span> <span class='ocrx_word' id='word_1_114' title='bbox 1122 1032 1342 1078; x_wconf 75' lang='lat' dir='ltr'>hactenus3</span> <span class='ocrx_word' id='word_1_115' title='bbox 1377 1023 1533 1089; x_wconf 43' lang='lat' dir='ltr'>reliqu}</span> <span class='ocrx_word' id='word_1_116' title='bbox 1552 1065 1560 1074; x_wconf 81' lang='grc'><strong>.</strong></span> 
     </span>
     <span class='ocr_line' id='line_1_25' title="bbox 327 1121 471 1146; baseline -0.005 0"><span class='ocrx_word' id='word_1_117' title='bbox 327 1121 471 1146; x_wconf 85' lang='lat' dir='ltr'>coram.</span> 
     </span>
    </p>

    <p class='ocr_par' dir='ltr' id='par_1_6' title="bbox 327 1167 1567 1655">
     <span class='ocr_line' id='line_1_26' title="bbox 382 1167 1560 1230; baseline -0.004 -12"><span class='ocrx_word' id='word_1_118' title='bbox 382 1180 538 1218; x_wconf 85' lang='lat' dir='ltr'>Antoni</span> <span class='ocrx_word' id='word_1_119' title='bbox 576 1178 757 1217; x_wconf 87' lang='lat' dir='ltr'>edictum</span> <span class='ocrx_word' id='word_1_120' title='bbox 794 1177 878 1228; x_wconf 85' lang='lat' dir='ltr'>legi</span> <span class='ocrx_word' id='word_1_121' title='bbox 914 1190 938 1214; x_wconf 87' lang='lat' dir='ltr'>a</span> <span class='ocrx_word' id='word_1_122' title='bbox 977 1176 1101 1214; x_wconf 86' lang='lat' dir='ltr'>Bruto</span> <span class='ocrx_word' id='word_1_123' title='bbox 1139 1181 1182 1214; x_wconf 91' lang='lat' dir='ltr'>et</span> <span class='ocrx_word' id='word_1_124' title='bbox 1218 1175 1361 1214; x_wconf 90' lang='lat' dir='ltr'>horum</span> <span class='ocrx_word' id='word_1_125' title='bbox 1393 1177 1558 1230; x_wconf 16' lang='lat' dir='ltr'>contrav-</span> 
     </span>
     <span class='ocr_line' id='line_1_27' title="bbox 327 1231 1564 1302; baseline -0.004 -13"><span class='ocrx_word' id='word_1_126' title='bbox 327 1253 522 1302; x_wconf 81' lang='lat' dir='ltr'>scriptum</span> <span class='ocrx_word' id='word_1_127' title='bbox 542 1249 770 1301; x_wconf 83' lang='lat' dir='ltr'>praeclare3</span> <span class='ocrx_word' id='word_1_128' title='bbox 800 1248 886 1296; x_wconf 88' lang='lat' dir='ltr'>sed,</span> <span class='ocrx_word' id='word_1_129' title='bbox 905 1247 1002 1299; x_wconf 91' lang='lat' dir='ltr'>quid</span> <span class='ocrx_word' id='word_1_130' title='bbox 1030 1250 1107 1285; x_wconf 79' lang='lat' dir='ltr'>ista</span> <span class='ocrx_word' id='word_1_131' title='bbox 1130 1247 1264 1285; x_wconf 86' lang='lat' dir='ltr'>edicta</span> <span class='ocrx_word' id='word_1_132' title='bbox 1282 1246 1446 1288; x_wconf 86' lang='lat' dir='ltr'>valeant</span> <span class='ocrx_word' id='word_1_133' title='bbox 1461 1240 1533 1300; x_wconf 51' lang='lat' dir='ltr'>au}</span> <span class='ocrx_word' id='word_1_134' title='bbox 1547 1231 1564 1279; x_wconf 55' lang='lat' dir='ltr'><em>f</em></span> 
     </span>
     <span class='ocr_line' id='line_1_28' title="bbox 327 1319 1535 1374; baseline -0.005 -13"><span class='ocrx_word' id='word_1_135' title='bbox 327 1335 408 1374; x_wconf 92' lang='lat' dir='ltr'>quo</span> <span class='ocrx_word' id='word_1_136' title='bbox 436 1326 637 1372; x_wconf 88' lang='lat' dir='ltr'>spectent,</span> <span class='ocrx_word' id='word_1_137' title='bbox 667 1319 788 1371; x_wconf 84' lang='lat' dir='ltr'>plane</span> <span class='ocrx_word' id='word_1_138' title='bbox 817 1332 899 1357; x_wconf 91' lang='lat' dir='ltr'>non</span> <span class='ocrx_word' id='word_1_139' title='bbox 928 1319 1056 1356; x_wconf 92' lang='lat' dir='ltr'>video.</span> <span class='ocrx_word' id='word_1_140' title='bbox 1116 1319 1204 1356; x_wconf 89' lang='lat' dir='ltr'>Nec</span> <span class='ocrx_word' id='word_1_141' title='bbox 1233 1331 1310 1369; x_wconf 89' lang='lat' dir='ltr'>ego</span> <span class='ocrx_word' id='word_1_142' title='bbox 1337 1331 1470 1366; x_wconf 74' lang='lat' dir='ltr'>nunc,</span> <span class='ocrx_word' id='word_1_143' title='bbox 1479 1321 1535 1361; x_wconf 60' lang='grc' dir='ltr'>ιιι</span> 
     </span>
     <span class='ocr_line' id='line_1_29' title="bbox 332 1381 1560 1442; baseline -0.002 -11"><span class='ocrx_word' id='word_1_144' title='bbox 332 1393 477 1431; x_wconf 85' lang='lat' dir='ltr'>Brutus</span> <span class='ocrx_word' id='word_1_145' title='bbox 497 1393 700 1438; x_wconf 80' lang='lat' dir='ltr'>censebat,</span> <span class='ocrx_word' id='word_1_146' title='bbox 722 1394 828 1429; x_wconf 89' lang='lat' dir='ltr'>istuc</span> <span class='ocrx_word' id='word_1_147' title='bbox 847 1390 899 1428; x_wconf 84' lang='lat' dir='ltr'>ad</span> <span class='ocrx_word' id='word_1_148' title='bbox 918 1403 1004 1428; x_wconf 85' lang='lat' dir='ltr'>rem</span> <span class='ocrx_word' id='word_1_149' title='bbox 1024 1390 1226 1441; x_wconf 83' lang='lat' dir='ltr'>publicam</span> <span class='ocrx_word' id='word_1_150' title='bbox 1246 1381 1560 1442; x_wconf 54' lang='lat' dir='ltr'>capessendffl,</span> 
     </span>
     <span class='ocr_line' id='line_1_30' title="bbox 330 1443 1564 1523; baseline -0.003 -21"><span class='ocrx_word' id='word_1_151' title='bbox 330 1467 457 1502; x_wconf 92' lang='lat' dir='ltr'>venio.</span> <span class='ocrx_word' id='word_1_152' title='bbox 517 1462 627 1510; x_wconf 87' lang='lat' dir='ltr'>Quid</span> <span class='ocrx_word' id='word_1_153' title='bbox 657 1464 768 1500; x_wconf 88' lang='lat' dir='ltr'>enim</span> <span class='ocrx_word' id='word_1_154' title='bbox 799 1461 884 1499; x_wconf 86' lang='lat' dir='ltr'>fieri</span> <span class='ocrx_word' id='word_1_155' title='bbox 914 1462 1079 1512; x_wconf 82' lang='lat' dir='ltr'>potest?</span> <span class='ocrx_word' id='word_1_156' title='bbox 1136 1461 1246 1498; x_wconf 89' lang='lat' dir='ltr'>Num</span> <span class='ocrx_word' id='word_1_157' title='bbox 1277 1462 1367 1513; x_wconf 88' lang='lat' dir='ltr'>quis</span> <span class='ocrx_word' id='word_1_158' title='bbox 1401 1443 1564 1523; x_wconf 63' lang='lat' dir='ltr'>pison}</span> 
     </span>
     <span class='ocr_line' id='line_1_31' title="bbox 329 1531 1535 1583; baseline -0.006 -8"><span class='ocrx_word' id='word_1_159' title='bbox 329 1541 392 1575; x_wconf 91' lang='lat' dir='ltr'>est</span> <span class='ocrx_word' id='word_1_160' title='bbox 410 1535 633 1574; x_wconf 83' lang='lat' dir='ltr'>adsensus?</span> <span class='ocrx_word' id='word_1_161' title='bbox 662 1547 759 1572; x_wconf 90' lang='lat' dir='ltr'>num</span> <span class='ocrx_word' id='word_1_162' title='bbox 780 1532 930 1572; x_wconf 89' lang='lat' dir='ltr'>rediit</span> <span class='ocrx_word' id='word_1_163' title='bbox 920 1546 1004 1583; x_wconf 79' lang='lat' dir='ltr'>ipsc</span> <span class='ocrx_word' id='word_1_164' title='bbox 1027 1531 1251 1583; x_wconf 89' lang='lat' dir='ltr'>postridie?</span> <span class='ocrx_word' id='word_1_165' title='bbox 1297 1531 1379 1571; x_wconf 87' lang='lat' dir='ltr'>Sed</span> <span class='ocrx_word' id='word_1_166' title='bbox 1393 1531 1566 1583; x_wconf 55' lang='lat' dir='ltr'>abeno</span> 
     </span>
     <span class='ocr_line' id='line_1_32' title="bbox 330 1603 1411 1655; baseline -0.005 -10"><span class='ocrx_word' id='word_1_167' title='bbox 330 1608 433 1645; x_wconf 82' lang='lat' dir='ltr'>hanc</span> <span class='ocrx_word' id='word_1_168' title='bbox 453 1611 632 1644; x_wconf 80' lang='lat' dir='ltr'>aetatem</span> <span class='ocrx_word' id='word_1_169' title='bbox 650 1604 773 1655; x_wconf 86' lang='lat' dir='ltr'>longe</span> <span class='ocrx_word' id='word_1_170' title='bbox 793 1617 816 1641; x_wconf 84' lang='lat' dir='ltr'>a</span> <span class='ocrx_word' id='word_1_171' title='bbox 835 1603 1019 1654; x_wconf 91' lang='lat' dir='ltr'>sepulcro</span> <span class='ocrx_word' id='word_1_172' title='bbox 1039 1608 1193 1653; x_wconf 85' lang='lat' dir='ltr'>negant</span> <span class='ocrx_word' id='word_1_173' title='bbox 1212 1595 1564 1653; x_wconf 90' lang='lat' dir='ltr'>oportere.</span> 
     </span>
    </p>

    <p class='ocr_par' dir='ltr' id='par_1_7' title="bbox 330 1658 1569 2084">
     <span class='ocr_line' id='line_1_33' title="bbox 383 1671 1566 1727; baseline -0.005 -9"><span class='ocrx_word' id='word_1_174' title='bbox 383 1679 477 1726; x_wconf 91' lang='lat' dir='ltr'>Sed,</span> <span class='ocrx_word' id='word_1_175' title='bbox 504 1679 670 1716; x_wconf 86' lang='lat' dir='ltr'>obsecro</span> <span class='ocrx_word' id='word_1_176' title='bbox 697 1682 756 1724; x_wconf 90' lang='lat' dir='ltr'>te,</span> <span class='ocrx_word' id='word_1_177' title='bbox 778 1675 875 1727; x_wconf 92' lang='lat' dir='ltr'>quid</span> <span class='ocrx_word' id='word_1_178' title='bbox 904 1680 977 1722; x_wconf 85' lang='lat' dir='ltr'>est,</span> <span class='ocrx_word' id='word_1_179' title='bbox 1000 1674 1106 1727; x_wconf 91' lang='lat' dir='ltr'>quod</span> <span class='ocrx_word' id='word_1_180' title='bbox 1136 1673 1271 1712; x_wconf 86' lang='lat' dir='ltr'>audivi</span> <span class='ocrx_word' id='word_1_181' title='bbox 1298 1674 1351 1713; x_wconf 91' lang='lat' dir='ltr'>de</span> <span class='ocrx_word' id='word_1_182' title='bbox 1380 1671 1566 1726; x_wconf 62' lang='lat' dir='ltr'>Bruto?</span> 
     </span>
     <span class='ocr_line' id='line_1_34' title="bbox 332 1725 1568 1800; baseline -0.006 -12"><span class='ocrx_word' id='word_1_183' title='bbox 332 1750 473 1789; x_wconf 83' lang='lat' dir='ltr'>Piliam</span> <span class='ocrx_word' id='word_1_184' title='bbox 518 1749 759 1800; x_wconf 80' lang='grc' dir='ltr'><strong>πειράζεσθαι</strong></span> <span class='ocrx_word' id='word_1_185' title='bbox 804 1748 1018 1798; x_wconf 84' lang='grc' dir='ltr'><strong>παραλύσει</strong></span> <span class='ocrx_word' id='word_1_186' title='bbox 1057 1751 1101 1785; x_wconf 87' lang='lat' dir='ltr'>te</span> <span class='ocrx_word' id='word_1_187' title='bbox 1142 1748 1347 1797; x_wconf 89' lang='lat' dir='ltr'>scripsisse</span> <span class='ocrx_word' id='word_1_188' title='bbox 1386 1725 1568 1790; x_wconf 43' lang='lat' dir='ltr'>aiebdfflf</span> 
     </span>
     <span class='ocr_line' id='line_1_35' title="bbox 331 1818 1355 1859; baseline -0.005 0"><span class='ocrx_word' id='word_1_189' title='bbox 331 1821 459 1859; x_wconf 81' lang='lat' dir='ltr'>Valde</span> <span class='ocrx_word' id='word_1_190' title='bbox 479 1834 567 1858; x_wconf 90' lang='lat' dir='ltr'>sum</span> <span class='ocrx_word' id='word_1_191' title='bbox 587 1824 822 1858; x_wconf 88' lang='lat' dir='ltr'>commotus.</span> <span class='ocrx_word' id='word_1_192' title='bbox 881 1818 970 1856; x_wconf 85' lang='lat' dir='ltr'>Etsi</span> <span class='ocrx_word' id='word_1_193' title='bbox 989 1818 1099 1856; x_wconf 89' lang='lat' dir='ltr'>idem</span> <span class='ocrx_word' id='word_1_194' title='bbox 1118 1823 1161 1856; x_wconf 87' lang='lat' dir='ltr'>te</span> <span class='ocrx_word' id='word_1_195' title='bbox 1180 1818 1355 1856; x_wconf 85' lang='lat' dir='ltr'>scribere</span> 
     </span>
     <span class='ocr_line' id='line_1_36' title="bbox 330 1865 1566 1941; baseline -0.001 -11"><span class='ocrx_word' id='word_1_196' title='bbox 330 1892 486 1932; x_wconf 89' lang='lat' dir='ltr'>melius.</span> <span class='ocrx_word' id='word_1_197' title='bbox 548 1891 611 1929; x_wconf 87' lang='lat' dir='ltr'>Ita</span> <span class='ocrx_word' id='word_1_198' title='bbox 633 1891 753 1941; x_wconf 84' lang='lat' dir='ltr'>plane</span> <span class='ocrx_word' id='word_1_199' title='bbox 774 1890 905 1937; x_wconf 88' lang='lat' dir='ltr'>velim,</span> <span class='ocrx_word' id='word_1_200' title='bbox 928 1895 972 1928; x_wconf 93' lang='lat' dir='ltr'>et</span> <span class='ocrx_word' id='word_1_201' title='bbox 991 1892 1029 1928; x_wconf 89' lang='lat' dir='ltr'>ei</span> <span class='ocrx_word' id='word_1_202' title='bbox 1053 1889 1162 1928; x_wconf 87' lang='lat' dir='ltr'>dicas</span> <span class='ocrx_word' id='word_1_203' title='bbox 1190 1889 1403 1941; x_wconf 83' lang='lat' dir='ltr'>plurimam</span> <span class='ocrx_word' id='word_1_204' title='bbox 1429 1865 1566 1941; x_wconf 58' lang='lat' dir='ltr'>§dij</span> 
     </span>
     <span class='ocr_line' id='line_1_37' title="bbox 330 1959 1563 2012; baseline -0.003 -11"><span class='ocrx_word' id='word_1_205' title='bbox 330 1968 415 2001; x_wconf 88' lang='lat' dir='ltr'>tem</span> <span class='ocrx_word' id='word_1_206' title='bbox 439 1967 483 2000; x_wconf 93' lang='lat' dir='ltr'>et</span> <span class='ocrx_word' id='word_1_207' title='bbox 506 1964 762 1999; x_wconf 88' lang='lat' dir='ltr'>suavissimae</span> <span class='ocrx_word' id='word_1_208' title='bbox 784 1961 958 1999; x_wconf 85' lang='lat' dir='ltr'>Atticae.</span> <span class='ocrx_word' id='word_1_209' title='bbox 1018 1959 1135 1998; x_wconf 80' lang='lat' dir='ltr'>Haec</span> <span class='ocrx_word' id='word_1_210' title='bbox 1163 1961 1301 2011; x_wconf 88' lang='lat' dir='ltr'>scripsi</span> <span class='ocrx_word' id='word_1_211' title='bbox 1329 1961 1563 2012; x_wconf 42' lang='lat' dir='ltr'>navigan&amp;</span> 
     </span>
     <span class='ocr_line' id='line_1_38' title="bbox 330 2030 1366 2084; baseline -0.003 -12"><span class='ocrx_word' id='word_1_212' title='bbox 330 2047 421 2072; x_wconf 90' lang='lat' dir='ltr'>cum</span> <span class='ocrx_word' id='word_1_213' title='bbox 443 2046 567 2084; x_wconf 81' lang='lat' dir='ltr'>prope</span> <span class='ocrx_word' id='word_1_214' title='bbox 591 2033 879 2084; x_wconf 88' lang='lat' dir='ltr'>Pompeianum</span> <span class='ocrx_word' id='word_1_215' title='bbox 899 2031 1149 2078; x_wconf 85' lang='lat' dir='ltr'>accederem,</span> <span class='ocrx_word' id='word_1_216' title='bbox 1170 2043 1256 2069; x_wconf 82' lang='lat' dir='ltr'>xuu</span> <span class='ocrx_word' id='word_1_217' title='bbox 1279 2027 1559 2070; x_wconf 80' lang='lat' dir='ltr'>Kal.</span> 
     </span>
    </p>
   </div>
   <div class='ocr_carea' id='block_1_5' title="bbox 331 2156 408 2197">
    <p class='ocr_par' dir='ltr' id='par_1_8' title="bbox 331 2156 408 2197">
     <span class='ocr_line' id='line_1_39' title="bbox 331 2156 408 2197; baseline 0 -6"><span class='ocrx_word' id='word_1_218' title='bbox 331 2156 408 2197; x_wconf 77' lang='lat'>398</span> 
     </span>
    </p>
   </div>
  </div>
 </body>
</html>
