1572 2378
578 171 804 211 MARCUS
843 172 1088 211 TULLIUS
1126 171 1328 214 CICERO

351 259 453 307 Iun„
473 272 576 311 quae
599 259 664 298 lex
690 273 827 298 earum
856 273 1004 307 rerum,
1033 273 1131 312 quas
1160 260 1306 299 Caesar
1332 263 1572 309 statuissem

348 326 606 373 decrevisset,
645 329 809 377 egisset,
847 326 1077 365 consulibus
1114 329 1390 378 cognitionem
1424 322 1572 366 dedit!

349 392 475 430 Causa
494 391 798 430 Buthrotiorum
823 391 959 430 delata
984 397 1048 430 est
1071 392 1124 430 ad
1149 392 1344 430 consules.
1403 391 1554 432 Decre-

348 463 435 494 tum
455 456 634 495 Caesaris
654 460 869 495 recitatum
896 462 960 495 est
985 462 1029 495 et
1053 457 1171 495 multi
1197 462 1409 508 praeterea
1425 457 1552 497 libelli

348 523 526 561 Caesaris
550 522 704 573 prolati.
764 522 957 560 Consules
985 522 1038 561 de
1066 522 1222 560 consilii
1249 525 1456 562 sententia
1481 522 1552 562 de-

347 594 562 627 creverunt
576 588 799 626 secundum
819 588 1074 627 Buthrotios:
1094 588 1253 626 litteras
1267 588 1339 626 adl
1362 588 1552 628 Plancum

346 654 560 693 dederunt.
636 655 768 701 Nunc,
800 657 855 691 mi
890 654 1032 704 Capito
1067 653 1166 705 (scio
1199 657 1323 701 enim,
1355 659 1551 705 quantum

346 734 507 771 semper
524 719 632 771 apud
653 733 734 766 eos,
754 719 993 770 quibuscum
1013 722 1080 767 sis,
1100 732 1215 770 posse
1234 719 1376 767 soleas,
1395 732 1445 758 eo
1462 719 1553 771 plus

345 785 452 836 apud
500 785 704 822 hominem
754 784 989 822 facillimum
1034 789 1158 835 atque
1207 784 1552 833 humanissimum,

350 850 568 903 Plancum),
586 853 756 897 enitere,
773 850 934 888 elabora
954 849 1016 887 vel
1037 852 1171 900 potius
1190 849 1411 897 eblandire,
1426 842 1552 899 effice,

348 922 392 955 ut
426 916 609 963 Plancus,
647 929 769 967 quem
807 928 924 966 spero
962 918 1161 966 optimum
1199 928 1302 963 esse,
1339 917 1393 954 sit
1427 917 1551 955 etiam

346 983 486 1022 melior
518 996 640 1034 opera
673 989 753 1021 tua.
832 982 1011 1020 Omnino
1050 994 1113 1019 res
1151 981 1269 1020 huius
1305 980 1415 1019 modi
1451 980 1551 1020 mihi

346 1050 506 1088 videtur
531 1062 632 1096 esse,
659 1053 706 1086 ut
730 1050 817 1086 sine
847 1050 1081 1098 cuiusquam
1109 1049 1239 1098 gratia
1269 1045 1439 1085 Plancus
1463 1048 1551 1102 ipse

345 1129 416 1166 pro
449 1117 614 1165 ingenio
648 1119 692 1152 et
724 1113 942 1164 prudentia
973 1126 1045 1151 sua
1076 1125 1157 1150 non
1191 1115 1245 1150 sit
1280 1102 1570 1161 dubitaturus,‘

344 1183 441 1232 quin
470 1180 682 1218 decretum
714 1178 937 1223 consulum,
960 1191 1130 1229 quorum
1151 1183 1195 1215 et
1213 1177 1306 1228 lege
1325 1182 1370 1215 et
1387 1181 1557 1217 senatus-¹

343 1246 528 1285 consulto
555 1247 735 1295 cognitio
763 1249 808 1282 et
833 1243 1027 1282 iudicium
1059 1242 1151 1290 fuit,
1179 1247 1405 1290 conservet,
1432 1254 1572 1294 prae-³

343 1315 480 1352 sertim
503 1324 594 1349 cum
614 1310 689 1348 hoc
708 1322 860 1361 genere
879 1311 1157 1359 cognitionum
1187 1307 1432 1346 labefactato
1457 1301 1572 1348 ae&

344 1378 521 1416 Caesaris
539 1379 581 1414 in
601 1376 769 1414 dubium
791 1380 960 1413 ventura
975 1374 1203 1421 videantur,
1217 1387 1320 1425 quae
1334 1386 1416 1411 non
1429 1356 1570 1421 mod&

343 1448 381 1492 ii,
402 1456 572 1496 quorum
592 1445 776 1488 interest,
793 1441 863 1479 sed
885 1443 1006 1478 etiam
1028 1442 1068 1486 ii,
1088 1442 1155 1491 qui
1176 1439 1245 1477 illa
1262 1452 1345 1477 non
1364 1439 1549 1490 probant,

342 1513 414 1548 otii
435 1522 552 1547 eausa
572 1508 796 1546 confirmari
816 1506 954 1544 velint.
1004 1505 1125 1553 Quod
1145 1519 1236 1543 cum
1255 1507 1313 1542 ita
1331 1507 1396 1551 sit,
1411 1511 1549 1545 tamen

343 1580 514 1614 interest
532 1579 669 1612 nostra
691 1573 882 1610 Plancum
902 1572 978 1610 hoc
996 1574 1130 1608 animo
1150 1571 1296 1609 libenti
1314 1570 1548 1623 prolixoque

343 1642 501 1686 facere3
531 1639 639 1692 quod
668 1644 779 1677 certe
809 1638 943 1684 faciet,
973 1639 1004 1675 si
1034 1642 1080 1674 tu
1112 1635 1299 1675 nervulos
1328 1641 1420 1675 tuos
1447 1635 1548 1675 mihi

342 1720 462 1759 saepe
503 1708 687 1756 cognitos
731 1706 1067 1754 suavitatemque,
1097 1715 1176 1753 qua
1212 1714 1333 1740 nemo
1370 1701 1446 1740 tibi
1477 1714 1549 1752 par

342 1778 418 1820 est,
455 1771 697 1809 adhibueris.
775 1767 896 1816 Quod
939 1772 985 1806 ut
1028 1767 1162 1814 facias,
1200 1771 1244 1805 te
1283 1765 1547 1808 vehementer

343 1851 450 1889 rogo·
628 1890 641 1910 ¹
666 1889 805 1921 litteras
822 1887 867 1920 ad
884 1887 1001 1920 added
1016 1887 1056 1927 by
1072 1884 1268 1919 Manutius.

350 2157 418 2196 ι36
