1572 2378
585 162 810 201 MARCUS
847 163 1092 203 TULLIUS
1131 163 1336 204 CICERO

353 252 477 288 etiam
507 249 618 290 mihi.
677 249 798 297 Quod
817 253 851 290 si
869 250 1028 299 feceris,
1047 265 1127 299 me,
1147 265 1270 304 quem
1289 252 1500 292 voluntate
1519 259 1562 292 et

353 321 523 365 paterna
556 316 859 355 necessitudine
889 319 1151 355 coniunctum
1182 330 1343 369 semper
1372 317 1561 367 habuisti,

353 383 527 419 maximo
545 381 742 421 beneficio
761 381 996 421 devinctum
1018 382 1199 430 habebis,
1217 382 1341 434 idque
1359 388 1408 422 ut
1425 383 1561 432 facias,

355 451 396 485 te
415 446 683 486 vehementer
700 449 823 485 etiam
843 452 966 499 atque
986 450 1109 486 etiam
1129 460 1237 498 rogo.

895 659 1018 698 XVIe

675 760 816 786 menno
843 760 1026 786 CAPrroNl
1055 761 1126 786 suo
1153 761 1232 788 SAL.

65 838 144 877 Ser.
164 840 290 879 eodem
407 836 636 888 Numquam
666 838 805 887 putavi
833 835 919 874 fore
947 841 995 873 ut
1023 836 1192 886 supplex
1218 836 1270 874 ad
1289 842 1332 875 te
1352 840 1556 886 venirem3

65 897 226 945 tempore
243 908 314 947 ‘111⁰
351 902 423 940 sed
443 901 607 940 hercule
633 901 751 939 facile
777 903 907 952 patior
932 901 1072 939 datum
1093 907 1268 953 tempus,
1288 905 1330 940 in
1350 916 1430 954 quo
1445 916 1554 943 amo-

39 1003 42 1006 .
65 961 121 999 ‘P’
141 948 224 987 166
349 967 447 1005 ι·εῐη“
469 970 674 1018 experirer
706 972 834 1005 tuum.
893 966 1077 1005 Atticum
1108 970 1249 1018 quanti
1279 967 1436 1015 faciam,
1464 972 1551 1009 seis.

347 1032 505 1069 Amabo
537 1037 594 1079 te,
624 1031 677 1070 da
708 1031 808 1069 mihi
842 1036 886 1069 et
918 1030 1008 1078 hoc,
1040 1030 1278 1070 obliviscere
1315 1046 1405 1071 mea
1437 1039 1554 1074 eausa

346 1097 458 1135 illum
479 1097 697 1149 aliquando
716 1110 787 1135 suo
807 1096 1005 1144 familiari,
1029 1095 1255 1135 adversario
1283 1103 1355 1136 tuo
1382 1098 1552 1139 voluisse

347 1163 589 1210 consultum,
628 1176 720 1201 cum
757 1163 865 1201 illius
902 1164 1148 1200 existimatio
1189 1168 1390 1214 ageretur.
1459 1163 1552 1204 Hoc

346 1232 519 1280 primum
547 1232 757 1280 ignoscere
786 1234 849 1267 est
876 1228 1139 1267 humanitatis
1165 1233 1286 1275 tuae;
1323 1242 1416 1269 suos
1441 1233 1550 1271 enim

345 1297 515 1347 quisque
552 1295 679 1333 debet
715 1298 846 1341 tueri3
889 1294 1055 1342 deinde,
1087 1297 1120 1333 si
1151 1308 1218 1333 me
1248 1309 1357 1335 amas
1387 1295 1551 1349 (omitte

345 1358 563 1413 Atticum),
582 1360 764 1398 Ciceroni
790 1365 874 1406 tuo,
898 1373 1021 1411 quem
1049 1362 1192 1411 quanti
1219 1359 1356 1408 facias,
1382 1355 1486 1412 prae·
1506 1367 1550 1402 te

343 1425 447 1463 soles
467 1425 587 1473 ferre,
607 1430 741 1463 totum
755 1425 832 1463 hoc
847 1425 913 1472 da,
929 1430 988 1472 ut,
1003 1425 1112 1476 quod
1132 1438 1293 1476 semper
1311 1428 1549 1476 existimavi,

343 1504 452 1528 nunc
497 1490 618 1542 plane
665 1490 918 1541 intellegam,
954 1503 1021 1528 me
1059 1504 1082 1527 a
1120 1495 1162 1528 te
1201 1490 1374 1529 multum
1412 1495 1545 1532 amari.

346 1555 578 1594 Buthrotios
606 1570 697 1594 cum
727 1556 872 1593 Caesar
900 1555 1067 1593 decreto
1086 1568 1171 1603 suo,
1191 1555 1300 1607 quod
1319 1569 1397 1606 ego
1415 1557 1547 1609 obsig'-

344 1623 434 1658 navi
459 1634 551 1659 cum
575 1621 715 1659 multis
739 1621 995 1671 amplissimis
1015 1623 1121 1668 viris,
1142 1621 1394 1660 liberavisset
1411 1627 1546 1662 osten-

340 1686 548 1738 dissetque
586 1687 701 1724 nobis
738 1699 796 1734 se,
833 1700 924 1724 cum
961 1689 1105 1736 agrarii
1143 1699 1253 1724 mare
1294 1690 1545 1736 transissent,

339 1751 496 1790 litteras
542 1754 769 1799 missurum,
807 1765 930 1803 quem
969 1754 1011 1789 in
1048 1765 1189 1802 agrum
1232 1750 1546 1802 deducerentur,

336 1818 498 1865 accidit,
531 1823 578 1857 ut
609 1818 743 1856 subito
776 1817 845 1855 ille
878 1819 1076 1855 interiret.
1137 1816 1312 1864 Deinde,
1342 1830 1464 1869 quem
1492 1818 1545 1858 ad

337 1883 502 1921 modum
521 1887 567 1921 tu
586 1885 663 1921 scis
683 1882 920 1935 (interfuisti
943 1880 1083 1933 enim),
1103 1895 1194 1920 cum
1219 1881 1403 1921 consules
1428 1896 1544 1935 opor·
1569 1890 1572 1891 ’

336 1954 445 1987 teret
477 1962 527 1987 ex
561 1954 725 1987 senatus
756 1948 940 1986 consulto
973 1947 1025 1985 de
1056 1950 1156 1986 actis
1187 1947 1365 1987 Caesaris
1396 1950 1572 2001 cogno-1}¹

335 2027 460 2061 scere,
482 2027 545 2052 res
564 2014 615 2051 ab
635 2016 682 2051 iis
701 2016 743 2051 in
766 2013 852 2050 Kal.
881 2013 969 2051 Iun.
997 2012 1122 2050 dilata
1148 2018 1221 2051 est.
1281 2013 1464 2052 Accessit
1491 2014 1544 2062 ad]
1570 2018 1571 2021 ’

335 2084 500 2117 senatus
519 2079 749 2117 consultum
777 2078 854 2125 lex,
879 2092 981 2129 quac
1010 2078 1091 2116 lata
1121 2083 1183 2116 est
1212 2092 1242 2115 a.
1277 2078 1314 2116 d.
1347 2091 1405 2118 nu
1435 2079 1539 2120 Non.

335 2143 414 2176 434·
