<?xml version="1.0" encoding="UTF-8"?>
<!DOCTYPE html PUBLIC "-//W3C//DTD XHTML 1.0 Transitional//EN"
    "http://www.w3.org/TR/xhtml1/DTD/xhtml1-transitional.dtd">
<html xmlns="http://www.w3.org/1999/xhtml" xml:lang="en" lang="en">
 <head>
  <title>
</title>
<meta http-equiv="Content-Type" content="text/html;charset=utf-8" />
  <meta name='ocr-system' content='tesseract 3.04.00' />
  <meta name='ocr-capabilities' content='ocr_page ocr_carea ocr_par ocr_line ocrx_word'/>
</head>
<body>
  <div class='ocr_page' id='page_1' title='image "./letterstoatticuswins03ciceuoft_0218.png"; bbox 0 0 1572 2378; ppageno 0'>
   <div class='ocr_carea' id='block_1_1' title="bbox 558 159 1308 201">
    <p class='ocr_par' dir='ltr' id='par_1_1' title="bbox 558 159 1308 201">
     <span class='ocr_line' id='line_1_1' title="bbox 558 159 1308 201; baseline -0.003 -1"><span class='ocrx_word' id='word_1_1' title='bbox 558 163 784 201; x_wconf 88' lang='lat' dir='ltr'>MARCUS</span> <span class='ocrx_word' id='word_1_2' title='bbox 822 161 1067 200; x_wconf 90' lang='lat' dir='ltr'>TULLIUS</span> <span class='ocrx_word' id='word_1_3' title='bbox 1105 159 1308 199; x_wconf 84' lang='lat' dir='ltr'>CICERO</span> 
     </span>
    </p>
   </div>
   <div class='ocr_carea' id='block_1_2' title="bbox 325 248 1534 1443">
    <p class='ocr_par' dir='ltr' id='par_1_2' title="bbox 325 248 1532 909">
     <span class='ocr_line' id='line_1_2' title="bbox 326 248 1532 301; baseline -0.002 -12"><span class='ocrx_word' id='word_1_4' title='bbox 326 255 436 289; x_wconf 89' lang='lat' dir='ltr'><strong>iussu</strong></span> <span class='ocrx_word' id='word_1_5' title='bbox 456 257 606 289; x_wconf 87' lang='lat' dir='ltr'><strong>cernat.</strong></span> <span class='ocrx_word' id='word_1_6' title='bbox 669 251 783 289; x_wconf 90' lang='lat' dir='ltr'><strong>Idem</strong></span> <span class='ocrx_word' id='word_1_7' title='bbox 804 253 929 301; x_wconf 88' lang='lat' dir='ltr'><strong>igitur</strong></span> <span class='ocrx_word' id='word_1_8' title='bbox 951 249 1098 288; x_wconf 88' lang='lat' dir='ltr'>Pollex.</span> <span class='ocrx_word' id='word_1_9' title='bbox 1159 249 1292 287; x_wconf 83' lang='lat' dir='ltr'><strong>Etiam</strong></span> <span class='ocrx_word' id='word_1_10' title='bbox 1323 248 1378 287; x_wconf 85' lang='lat' dir='ltr'><strong>de</strong></span> <span class='ocrx_word' id='word_1_11' title='bbox 1405 248 1532 288; x_wconf 75' lang='lat' dir='ltr'><strong>hortis</strong></span> 
     </span>
     <span class='ocr_line' id='line_1_3' title="bbox 327 326 1532 381; baseline -0.002 -14"><span class='ocrx_word' id='word_1_12' title='bbox 327 329 529 368; x_wconf 82' lang='lat' dir='ltr'><strong>Cluvianis</strong></span> <span class='ocrx_word' id='word_1_13' title='bbox 560 332 627 381; x_wconf 84' lang='lat' dir='ltr'><strong>egi</strong></span> <span class='ocrx_word' id='word_1_14' title='bbox 656 343 746 367; x_wconf 91' lang='lat' dir='ltr'><strong>cum</strong></span> <span class='ocrx_word' id='word_1_15' title='bbox 779 329 914 366; x_wconf 83' lang='lat' dir='ltr'>Balbo.</span> <span class='ocrx_word' id='word_1_16' title='bbox 973 328 1042 366; x_wconf 89' lang='lat' dir='ltr'><strong>Nil</strong></span> <span class='ocrx_word' id='word_1_17' title='bbox 1071 327 1287 366; x_wconf 86' lang='lat' dir='ltr'><strong>liberalius.</strong></span> <span class='ocrx_word' id='word_1_18' title='bbox 1345 326 1398 366; x_wconf 88' lang='lat' dir='ltr'><strong>Se</strong></span> <span class='ocrx_word' id='word_1_19' title='bbox 1422 328 1532 366; x_wconf 85' lang='lat' dir='ltr'><strong>enim</strong></span> 
     </span>
     <span class='ocr_line' id='line_1_4' title="bbox 325 403 1530 456; baseline 0 -12"><span class='ocrx_word' id='word_1_20' title='bbox 325 409 464 445; x_wconf 84' lang='lat' dir='ltr'><strong>statim</strong></span> <span class='ocrx_word' id='word_1_21' title='bbox 482 406 535 444; x_wconf 87' lang='lat' dir='ltr'><strong>ad</strong></span> <span class='ocrx_word' id='word_1_22' title='bbox 554 406 766 444; x_wconf 80' lang='lat' dir='ltr'><strong>Caesarem</strong></span> <span class='ocrx_word' id='word_1_23' title='bbox 785 408 1042 456; x_wconf 82' lang='lat' dir='ltr'><strong>scripturum,</strong></span> <span class='ocrx_word' id='word_1_24' title='bbox 1068 405 1252 443; x_wconf 87' lang='lat' dir='ltr'><strong>Cluvium</strong></span> <span class='ocrx_word' id='word_1_25' title='bbox 1276 410 1416 443; x_wconf 80' lang='lat' dir='ltr'><strong>autem</strong></span> <span class='ocrx_word' id='word_1_26' title='bbox 1435 418 1461 443; x_wconf 80' lang='lat' dir='ltr'><strong>a</strong></span> <span class='ocrx_word' id='word_1_27' title='bbox 1483 403 1530 444; x_wconf 88' lang='grc' dir='ltr'><strong>Τ.</strong></span> 
     </span>
     <span class='ocr_line' id='line_1_5' title="bbox 328 479 1532 533; baseline 0 -14"><span class='ocrx_word' id='word_1_28' title='bbox 328 481 566 520; x_wconf 86' lang='lat' dir='ltr'><strong>Hordeonio</strong></span> <span class='ocrx_word' id='word_1_29' title='bbox 595 483 733 533; x_wconf 88' lang='lat' dir='ltr'><strong>legare</strong></span> <span class='ocrx_word' id='word_1_30' title='bbox 757 487 800 520; x_wconf 88' lang='lat' dir='ltr'><strong>et</strong></span> <span class='ocrx_word' id='word_1_31' title='bbox 823 482 1040 520; x_wconf 81' lang='lat' dir='ltr'><strong>Terentiae</strong></span> <span class='ocrx_word' id='word_1_32' title='bbox 1066 480 1139 519; x_wconf 94' lang='lat' dir='ltr'><strong>HS</strong></span> <span class='ocrx_word' id='word_1_33' title='bbox 1165 494 1249 519; x_wconf 78' lang='lat'>1000</span> <span class='ocrx_word' id='word_1_34' title='bbox 1278 486 1323 519; x_wconf 90' lang='lat' dir='ltr'><strong>et</strong></span> <span class='ocrx_word' id='word_1_35' title='bbox 1349 479 1532 532; x_wconf 83' lang='lat' dir='ltr'><strong>sepulcro</strong></span> 
     </span>
     <span class='ocr_line' id='line_1_6' title="bbox 325 557 1531 610; baseline 0 -14"><span class='ocrx_word' id='word_1_36' title='bbox 325 559 545 610; x_wconf 87' lang='lat' dir='ltr'><strong>multisque</strong></span> <span class='ocrx_word' id='word_1_37' title='bbox 574 559 707 604; x_wconf 89' lang='lat' dir='ltr'><strong>rebus,</strong></span> <span class='ocrx_word' id='word_1_38' title='bbox 737 558 839 596; x_wconf 90' lang='lat' dir='ltr'><strong>nihil</strong></span> <span class='ocrx_word' id='word_1_39' title='bbox 868 572 893 596; x_wconf 90' lang='lat' dir='ltr'><strong>a</strong></span> <span class='ocrx_word' id='word_1_40' title='bbox 921 559 1046 596; x_wconf 91' lang='lat' dir='ltr'><strong>nobis.</strong></span> <span class='ocrx_word' id='word_1_41' title='bbox 1106 557 1347 606; x_wconf 80' lang='lat' dir='ltr'><strong>Subaccusa,</strong></span> <span class='ocrx_word' id='word_1_42' title='bbox 1369 567 1531 609; x_wconf 83' lang='lat' dir='ltr'><strong>quaeso,</strong></span> 
     </span>
     <span class='ocr_line' id='line_1_7' title="bbox 327 633 1529 686; baseline 0.001 -15"><span class='ocrx_word' id='word_1_43' title='bbox 327 634 567 674; x_wconf 80' lang='lat' dir='ltr'><strong>Vestorium,</strong></span> <span class='ocrx_word' id='word_1_44' title='bbox 626 634 737 682; x_wconf 85' lang='lat' dir='ltr'><strong>Quid</strong></span> <span class='ocrx_word' id='word_1_45' title='bbox 765 638 898 673; x_wconf 90' lang='lat' dir='ltr'><strong>minus</strong></span> <span class='ocrx_word' id='word_1_46' title='bbox 927 634 1180 686; x_wconf 89' lang='lat' dir='ltr'><strong>probandum</strong></span> <span class='ocrx_word' id='word_1_47' title='bbox 1207 647 1328 686; x_wconf 89' lang='lat' dir='ltr'><strong>quam</strong></span> <span class='ocrx_word' id='word_1_48' title='bbox 1357 633 1529 673; x_wconf 79' lang='lat' dir='ltr'><strong>Plotium</strong></span> 
     </span>
     <span class='ocr_line' id='line_1_8' title="bbox 325 714 1531 763; baseline 0.001 -14"><span class='ocrx_word' id='word_1_49' title='bbox 325 714 640 762; x_wconf 84' lang='lat' dir='ltr'><strong>unguentarium</strong></span> <span class='ocrx_word' id='word_1_50' title='bbox 680 726 753 763; x_wconf 90' lang='lat' dir='ltr'><strong>per</strong></span> <span class='ocrx_word' id='word_1_51' title='bbox 795 725 887 751; x_wconf 90' lang='lat' dir='ltr'><strong>suos</strong></span> <span class='ocrx_word' id='word_1_52' title='bbox 928 725 1073 763; x_wconf 88' lang='lat' dir='ltr'><strong>pueros</strong></span> <span class='ocrx_word' id='word_1_53' title='bbox 1112 714 1246 750; x_wconf 90' lang='lat' dir='ltr'><strong>omnia</strong></span> <span class='ocrx_word' id='word_1_54' title='bbox 1282 716 1399 750; x_wconf 83' lang='lat' dir='ltr'><strong>tanto</strong></span> <span class='ocrx_word' id='word_1_55' title='bbox 1435 717 1531 751; x_wconf 85' lang='lat' dir='ltr'><strong>ante</strong></span> 
     </span>
     <span class='ocr_line' id='line_1_9' title="bbox 327 787 1532 840; baseline 0.002 -15"><span class='ocrx_word' id='word_1_56' title='bbox 327 788 464 835; x_wconf 84' lang='lat' dir='ltr'><strong>Balbo,</strong></span> <span class='ocrx_word' id='word_1_57' title='bbox 485 788 599 826; x_wconf 92' lang='lat' dir='ltr'><strong>illum</strong></span> <span class='ocrx_word' id='word_1_58' title='bbox 619 791 676 826; x_wconf 91' lang='lat' dir='ltr'><strong>mi</strong></span> <span class='ocrx_word' id='word_1_59' title='bbox 694 803 747 827; x_wconf 91' lang='lat' dir='ltr'><strong>ne</strong></span> <span class='ocrx_word' id='word_1_60' title='bbox 773 802 846 839; x_wconf 92' lang='lat' dir='ltr'><strong>per</strong></span> <span class='ocrx_word' id='word_1_61' title='bbox 870 802 982 827; x_wconf 90' lang='lat' dir='ltr'><strong>meos</strong></span> <span class='ocrx_word' id='word_1_62' title='bbox 1010 788 1203 840; x_wconf 89' lang='lat' dir='ltr'><strong>quidem?</strong></span> <span class='ocrx_word' id='word_1_63' title='bbox 1261 787 1325 826; x_wconf 93' lang='lat' dir='ltr'><strong>De</strong></span> <span class='ocrx_word' id='word_1_64' title='bbox 1353 787 1532 827; x_wconf 85' lang='lat' dir='ltr'><strong>Cossinio</strong></span> 
     </span>
     <span class='ocr_line' id='line_1_10' title="bbox 325 865 857 909; baseline 0.002 -7"><span class='ocrx_word' id='word_1_65' title='bbox 325 865 466 909; x_wconf 91' lang='lat' dir='ltr'><strong>doleo;</strong></span> <span class='ocrx_word' id='word_1_66' title='bbox 496 865 621 903; x_wconf 89' lang='lat' dir='ltr'><strong>dilexi</strong></span> <span class='ocrx_word' id='word_1_67' title='bbox 640 865 857 904; x_wconf 89' lang='lat' dir='ltr'><strong>hominem.</strong></span> 
     </span>
    </p>

    <p class='ocr_par' dir='ltr' id='par_1_3' title="bbox 325 941 1534 1146">
     <span class='ocr_line' id='line_1_11' title="bbox 381 941 1534 994; baseline 0.001 -15"><span class='ocrx_word' id='word_1_68' title='bbox 381 941 536 988; x_wconf 85' lang='lat' dir='ltr'><strong>Quinto</strong></span> <span class='ocrx_word' id='word_1_69' title='bbox 555 942 768 992; x_wconf 85' lang='lat' dir='ltr'><strong>delegabo,</strong></span> <span class='ocrx_word' id='word_1_70' title='bbox 788 945 820 980; x_wconf 91' lang='lat' dir='ltr'><strong>si</strong></span> <span class='ocrx_word' id='word_1_71' title='bbox 841 941 938 994; x_wconf 92' lang='lat' dir='ltr'><strong>quid</strong></span> <span class='ocrx_word' id='word_1_72' title='bbox 957 944 1040 980; x_wconf 85' lang='lat' dir='ltr'><strong>aeri</strong></span> <span class='ocrx_word' id='word_1_73' title='bbox 1060 955 1151 980; x_wconf 90' lang='lat' dir='ltr'><strong>meo</strong></span> <span class='ocrx_word' id='word_1_74' title='bbox 1170 941 1303 980; x_wconf 84' lang='lat' dir='ltr'><strong>alieno</strong></span> <span class='ocrx_word' id='word_1_75' title='bbox 1328 942 1534 992; x_wconf 84' lang='lat' dir='ltr'><strong>superabit</strong></span> 
     </span>
     <span class='ocr_line' id='line_1_12' title="bbox 325 1018 1533 1071; baseline 0 -14"><span class='ocrx_word' id='word_1_76' title='bbox 325 1024 370 1058; x_wconf 89' lang='lat' dir='ltr'><strong>et</strong></span> <span class='ocrx_word' id='word_1_77' title='bbox 399 1020 686 1070; x_wconf 79' lang='lat' dir='ltr'><strong>emptionibus,</strong></span> <span class='ocrx_word' id='word_1_78' title='bbox 725 1033 775 1057; x_wconf 87' lang='lat' dir='ltr'><strong>ex</strong></span> <span class='ocrx_word' id='word_1_79' title='bbox 814 1020 958 1071; x_wconf 91' lang='lat' dir='ltr'><strong>quibus</strong></span> <span class='ocrx_word' id='word_1_80' title='bbox 995 1022 1051 1057; x_wconf 89' lang='lat' dir='ltr'><strong>mi</strong></span> <span class='ocrx_word' id='word_1_81' title='bbox 1091 1022 1214 1057; x_wconf 83' lang='lat' dir='ltr'><strong>etiam</strong></span> <span class='ocrx_word' id='word_1_82' title='bbox 1251 1022 1318 1057; x_wconf 79' lang='lat' dir='ltr'><strong>aes</strong></span> <span class='ocrx_word' id='word_1_83' title='bbox 1355 1018 1533 1058; x_wconf 88' lang='lat' dir='ltr'><strong>alienum</strong></span> 
     </span>
     <span class='ocr_line' id='line_1_13' title="bbox 326 1095 1306 1146; baseline 0 -13"><span class='ocrx_word' id='word_1_84' title='bbox 326 1095 558 1133; x_wconf 88' lang='lat' dir='ltr'><strong>faciendum</strong></span> <span class='ocrx_word' id='word_1_85' title='bbox 577 1101 688 1146; x_wconf 90' lang='lat' dir='ltr'><strong>put0.</strong></span> <span class='ocrx_word' id='word_1_86' title='bbox 748 1096 812 1134; x_wconf 91' lang='lat' dir='ltr'><strong>De</strong></span> <span class='ocrx_word' id='word_1_87' title='bbox 833 1095 953 1133; x_wconf 90' lang='lat' dir='ltr'><strong>domo</strong></span> <span class='ocrx_word' id='word_1_88' title='bbox 973 1095 1119 1146; x_wconf 89' lang='lat' dir='ltr'><strong>Arpini</strong></span> <span class='ocrx_word' id='word_1_89' title='bbox 1136 1095 1195 1133; x_wconf 86' lang='lat' dir='ltr'><strong>nil</strong></span> <span class='ocrx_word' id='word_1_90' title='bbox 1213 1097 1306 1134; x_wconf 88' lang='lat' dir='ltr'><strong>scio.</strong></span> 
     </span>
    </p>

    <p class='ocr_par' dir='ltr' id='par_1_4' title="bbox 325 1173 1534 1443">
     <span class='ocr_line' id='line_1_14' title="bbox 383 1173 1534 1226; baseline 0.002 -16"><span class='ocrx_word' id='word_1_91' title='bbox 383 1174 609 1211; x_wconf 86' lang='lat' dir='ltr'><strong>Vestorium</strong></span> <span class='ocrx_word' id='word_1_92' title='bbox 630 1173 688 1211; x_wconf 89' lang='lat' dir='ltr'><strong>nil</strong></span> <span class='ocrx_word' id='word_1_93' title='bbox 708 1178 772 1212; x_wconf 83' lang='lat' dir='ltr'><strong>est</strong></span> <span class='ocrx_word' id='word_1_94' title='bbox 790 1173 899 1225; x_wconf 91' lang='lat' dir='ltr'><strong>quod</strong></span> <span class='ocrx_word' id='word_1_95' title='bbox 918 1186 1092 1212; x_wconf 88' lang='lat' dir='ltr'><strong>accuses.</strong></span> <span class='ocrx_word' id='word_1_96' title='bbox 1151 1173 1238 1211; x_wconf 84' lang='lat' dir='ltr'><strong>Iam</strong></span> <span class='ocrx_word' id='word_1_97' title='bbox 1264 1175 1372 1212; x_wconf 83' lang='lat' dir='ltr'><strong>enim</strong></span> <span class='ocrx_word' id='word_1_98' title='bbox 1401 1175 1534 1226; x_wconf 85' lang='lat' dir='ltr'><strong>obsig-</strong></span> 
     </span>
     <span class='ocr_line' id='line_1_15' title="bbox 325 1250 1534 1301; baseline 0.002 -14"><span class='ocrx_word' id='word_1_99' title='bbox 325 1256 421 1288; x_wconf 83' lang='lat' dir='ltr'><strong>nata</strong></span> <span class='ocrx_word' id='word_1_100' title='bbox 452 1251 525 1288; x_wconf 85' lang='lat' dir='ltr'><strong>hac</strong></span> <span class='ocrx_word' id='word_1_101' title='bbox 555 1250 728 1301; x_wconf 87' lang='lat' dir='ltr'><strong>epistula</strong></span> <span class='ocrx_word' id='word_1_102' title='bbox 756 1256 878 1288; x_wconf 85' lang='lat' dir='ltr'><strong>noctu</strong></span> <span class='ocrx_word' id='word_1_103' title='bbox 909 1250 1142 1289; x_wconf 88' lang='lat' dir='ltr'><strong>tabellarius</strong></span> <span class='ocrx_word' id='word_1_104' title='bbox 1170 1255 1309 1288; x_wconf 86' lang='lat' dir='ltr'><strong>noster</strong></span> <span class='ocrx_word' id='word_1_105' title='bbox 1337 1253 1462 1299; x_wconf 89' lang='lat' dir='ltr'><strong>venit,</strong></span> <span class='ocrx_word' id='word_1_106' title='bbox 1491 1256 1534 1290; x_wconf 87' lang='lat' dir='ltr'><strong>et</strong></span> 
     </span>
     <span class='ocr_line' id='line_1_16' title="bbox 325 1326 1532 1379; baseline 0 -15"><span class='ocrx_word' id='word_1_107' title='bbox 325 1329 376 1365; x_wconf 89' lang='lat' dir='ltr'><strong>ab</strong></span> <span class='ocrx_word' id='word_1_108' title='bbox 397 1341 444 1365; x_wconf 93' lang='lat' dir='ltr'><strong>eo</strong></span> <span class='ocrx_word' id='word_1_109' title='bbox 465 1328 621 1366; x_wconf 78' lang='lat' dir='ltr'><strong>litteras</strong></span> <span class='ocrx_word' id='word_1_110' title='bbox 640 1326 862 1379; x_wconf 85' lang='lat' dir='ltr'><strong>diligenter</strong></span> <span class='ocrx_word' id='word_1_111' title='bbox 887 1330 1055 1378; x_wconf 88' lang='lat' dir='ltr'><strong>scriptas</strong></span> <span class='ocrx_word' id='word_1_112' title='bbox 1077 1326 1219 1365; x_wconf 86' lang='lat' dir='ltr'><strong>attulit</strong></span> <span class='ocrx_word' id='word_1_113' title='bbox 1238 1332 1282 1365; x_wconf 91' lang='lat' dir='ltr'><strong>et</strong></span> <span class='ocrx_word' id='word_1_114' title='bbox 1302 1326 1532 1379; x_wconf 86' lang='lat' dir='ltr'><strong>exemplum</strong></span> 
     </span>
     <span class='ocr_line' id='line_1_17' title="bbox 325 1407 573 1443; baseline 0.004 -1"><span class='ocrx_word' id='word_1_115' title='bbox 325 1407 573 1443; x_wconf 81' lang='lat' dir='ltr'><strong>testamenti.</strong></span> 
     </span>
    </p>
   </div>
   <div class='ocr_carea' id='block_1_3' title="bbox 850 1514 1007 1553">
    <p class='ocr_par' dir='ltr' id='par_1_5' title="bbox 850 1514 1007 1553">
     <span class='ocr_line' id='line_1_18' title="bbox 850 1514 1007 1553; baseline 0 -1"><span class='ocrx_word' id='word_1_116' title='bbox 850 1514 1007 1553; x_wconf 93' lang='lat' dir='ltr'>XLVII</span> 
     </span>
    </p>
   </div>
   <div class='ocr_carea' id='block_1_4' title="bbox 723 1616 1140 1642">
    <p class='ocr_par' dir='ltr' id='par_1_6' title="bbox 723 1616 1140 1642">
     <span class='ocr_line' id='line_1_19' title="bbox 723 1616 1140 1642; baseline 0.002 -1"><span class='ocrx_word' id='word_1_117' title='bbox 723 1616 862 1641; x_wconf 77' lang='lat' dir='ltr'>CICERO</span> <span class='ocrx_word' id='word_1_118' title='bbox 893 1616 1032 1641; x_wconf 77' lang='lat' dir='ltr'>ATTICO</span> <span class='ocrx_word' id='word_1_119' title='bbox 1062 1616 1140 1642; x_wconf 73' lang='lat' dir='ltr'><strong>SAL.</strong></span> 
     </span>
    </p>
   </div>
   <div class='ocr_carea' id='block_1_5' title="bbox 40 1690 1532 1741">
    <p class='ocr_par' dir='ltr' id='par_1_7' title="bbox 40 1690 1532 1741">
     <span class='ocr_line' id='line_1_20' title="bbox 40 1690 1532 1741; baseline 0.001 -13"><span class='ocrx_word' id='word_1_120' title='bbox 40 1700 117 1738; x_wconf 62' lang='lat' dir='ltr'><strong>Ser,</strong></span> <span class='ocrx_word' id='word_1_121' title='bbox 147 1714 184 1737; x_wconf 72' lang='lat' dir='ltr'><strong>m</strong></span> <span class='ocrx_word' id='word_1_122' title='bbox 219 1700 306 1737; x_wconf 61' lang='lat' dir='ltr'><strong>Tm.</strong></span> <span class='ocrx_word' id='word_1_123' title='bbox 380 1695 408 1714; x_wconf 92' lang='lat'><em>“</em></span> <span class='ocrx_word' id='word_1_124' title='bbox 424 1691 688 1741; x_wconf 84' lang='lat' dir='ltr'><strong>Posteaquam</strong></span> <span class='ocrx_word' id='word_1_125' title='bbox 717 1691 787 1728; x_wconf 86' lang='lat' dir='ltr'><strong>abs</strong></span> <span class='ocrx_word' id='word_1_126' title='bbox 816 1696 872 1737; x_wconf 89' lang='lat' dir='ltr'><strong>te,</strong></span> <span class='ocrx_word' id='word_1_127' title='bbox 894 1690 1186 1741; x_wconf 87' lang='lat' dir='ltr'><strong>Agamemno,”</strong></span> <span class='ocrx_word' id='word_1_128' title='bbox 1207 1704 1290 1730; x_wconf 89' lang='lat' dir='ltr'><strong>non</strong></span> <span class='ocrx_word' id='word_1_129' title='bbox 1309 1696 1394 1731; x_wconf 90' lang='lat' dir='ltr'><strong>“ut</strong></span> <span class='ocrx_word' id='word_1_130' title='bbox 1422 1695 1532 1730; x_wconf 90' lang='lat' dir='ltr'><strong>veni-</strong></span> 
     </span>
    </p>
   </div>
   <div class='ocr_carea' id='block_1_6' title="bbox 39 1754 1533 1897">
    <p class='ocr_par' dir='ltr' id='par_1_8' title="bbox 39 1754 1533 1897">
     <span class='ocr_line' id='line_1_21' title="bbox 39 1754 1533 1821; baseline 0.006 -21"><span class='ocrx_word' id='word_1_131' title='bbox 39 1755 170 1821; x_wconf 62' lang='grc' dir='ltr'><em>Οζίῖαηθ</em></span> <span class='ocrx_word' id='word_1_132' title='bbox 191 1754 248 1794; x_wconf 79' lang='lat' dir='ltr'><strong>l‘l·</strong></span> <span class='ocrx_word' id='word_1_133' title='bbox 327 1781 412 1806; x_wconf 78' lang='lat' dir='ltr'><strong>rem</strong></span> <span class='ocrx_word' id='word_1_134' title='bbox 427 1768 448 1780; x_wconf 89' lang='lat'><strong>”</strong></span> <span class='ocrx_word' id='word_1_135' title='bbox 467 1769 578 1820; x_wconf 88' lang='lat' dir='ltr'><strong>(nam</strong></span> <span class='ocrx_word' id='word_1_136' title='bbox 598 1767 638 1805; x_wconf 93' lang='lat' dir='ltr'><strong>id</strong></span> <span class='ocrx_word' id='word_1_137' title='bbox 659 1780 819 1819; x_wconf 90' lang='lat' dir='ltr'><strong>quoque</strong></span> <span class='ocrx_word' id='word_1_138' title='bbox 835 1767 1034 1815; x_wconf 81' lang='lat' dir='ltr'><strong>fecissem,</strong></span> <span class='ocrx_word' id='word_1_139' title='bbox 1049 1770 1126 1806; x_wconf 90' lang='lat' dir='ltr'><strong>nisi</strong></span> <span class='ocrx_word' id='word_1_140' title='bbox 1146 1768 1373 1820; x_wconf 85' lang='lat' dir='ltr'><strong>Torquatus</strong></span> <span class='ocrx_word' id='word_1_141' title='bbox 1392 1769 1533 1821; x_wconf 85' lang='lat' dir='ltr'><strong>esset),</strong></span> 
     </span>
     <span class='ocr_line' id='line_1_22' title="bbox 40 1809 1530 1897; baseline 0.005 -19"><span class='ocrx_word' id='word_1_142' title='bbox 40 1809 137 1847; x_wconf 52' lang='lat' dir='ltr'><strong>*sext*</strong></span> <span class='ocrx_word' id='word_1_143' title='bbox 161 1822 196 1847; x_wconf 69' lang='grc' dir='ltr'><strong>α’</strong></span> <span class='ocrx_word' id='word_1_144' title='bbox 231 1810 308 1848; x_wconf 69' lang='lat'><strong>709</strong></span> <span class='ocrx_word' id='word_1_145' title='bbox 326 1844 397 1882; x_wconf 92' lang='lat' dir='ltr'><strong>sed</strong></span> <span class='ocrx_word' id='word_1_146' title='bbox 420 1849 465 1882; x_wconf 92' lang='lat' dir='ltr'><strong>ut</strong></span> <span class='ocrx_word' id='word_1_147' title='bbox 485 1845 714 1891; x_wconf 86' lang='lat' dir='ltr'><strong>scriberem,</strong></span> <span class='ocrx_word' id='word_1_148' title='bbox 736 1846 915 1895; x_wconf 85' lang='lat' dir='ltr'><strong>“tetigit</strong></span> <span class='ocrx_word' id='word_1_149' title='bbox 942 1857 1058 1882; x_wconf 82' lang='lat' dir='ltr'><strong>aures</strong></span> <span class='ocrx_word' id='word_1_150' title='bbox 1087 1848 1267 1894; x_wconf 89' lang='lat' dir='ltr'><strong>nuntius,</strong></span> <span class='ocrx_word' id='word_1_151' title='bbox 1288 1846 1530 1897; x_wconf 81' lang='lat' dir='ltr'><strong>extemplo’&#39;</strong></span> 
     </span>
    </p>
   </div>
   <div class='ocr_carea' id='block_1_7' title="bbox 326 1921 1532 1972">
    <p class='ocr_par' dir='ltr' id='par_1_9' title="bbox 326 1921 1532 1972">
     <span class='ocr_line' id='line_1_23' title="bbox 326 1921 1532 1972; baseline 0.003 -15"><span class='ocrx_word' id='word_1_152' title='bbox 326 1923 514 1959; x_wconf 84' lang='lat' dir='ltr'><strong>instituta</strong></span> <span class='ocrx_word' id='word_1_153' title='bbox 532 1923 671 1966; x_wconf 89' lang='lat' dir='ltr'><strong>omisi;</strong></span> <span class='ocrx_word' id='word_1_154' title='bbox 695 1933 755 1968; x_wconf 89' lang='lat' dir='ltr'><strong>ea,</strong></span> <span class='ocrx_word' id='word_1_155' title='bbox 771 1933 874 1972; x_wconf 86' lang='lat' dir='ltr'><strong>quae</strong></span> <span class='ocrx_word' id='word_1_156' title='bbox 894 1923 936 1958; x_wconf 91' lang='lat' dir='ltr'><strong>in</strong></span> <span class='ocrx_word' id='word_1_157' title='bbox 955 1922 1140 1959; x_wconf 87' lang='lat' dir='ltr'><strong>manibus</strong></span> <span class='ocrx_word' id='word_1_158' title='bbox 1159 1921 1372 1970; x_wconf 85' lang='lat' dir='ltr'><strong>habebam,</strong></span> <span class='ocrx_word' id='word_1_159' title='bbox 1389 1923 1532 1970; x_wconf 82' lang='lat' dir='ltr'><strong>abieci,</strong></span> 
     </span>
    </p>
   </div>
   <div class='ocr_carea' id='block_1_8' title="bbox 325 1996 1532 2050">
    <p class='ocr_par' dir='ltr' id='par_1_10' title="bbox 325 1996 1532 2050">
     <span class='ocr_line' id='line_1_24' title="bbox 325 1996 1532 2050; baseline 0.003 -16"><span class='ocrx_word' id='word_1_160' title='bbox 325 1997 434 2048; x_wconf 90' lang='lat' dir='ltr'><strong>quod</strong></span> <span class='ocrx_word' id='word_1_161' title='bbox 453 2000 636 2043; x_wconf 86' lang='lat' dir='ltr'><strong>iusseras,</strong></span> <span class='ocrx_word' id='word_1_162' title='bbox 657 1996 825 2034; x_wconf 89' lang='lat' dir='ltr'><strong>edolavi.</strong></span> <span class='ocrx_word' id='word_1_163' title='bbox 873 1997 935 2035; x_wconf 91' lang='lat' dir='ltr'><strong>Tu</strong></span> <span class='ocrx_word' id='word_1_164' title='bbox 955 1997 1077 2035; x_wconf 89' lang='lat' dir='ltr'><strong>velim</strong></span> <span class='ocrx_word' id='word_1_165' title='bbox 1097 2011 1120 2036; x_wconf 93' lang='lat' dir='ltr'><strong>e</strong></span> <span class='ocrx_word' id='word_1_166' title='bbox 1143 1997 1292 2037; x_wconf 87' lang='lat' dir='ltr'><strong>Pollice</strong></span> <span class='ocrx_word' id='word_1_167' title='bbox 1316 2011 1532 2050; x_wconf 80' lang='lat' dir='ltr'><strong>cognoscas</strong></span> 
     </span>
    </p>
   </div>
   <div class='ocr_carea' id='block_1_9' title="bbox 325 2096 1112 2181">
    <p class='ocr_par' dir='ltr' id='par_1_11' title="bbox 325 2096 1112 2181">
     <span class='ocr_line' id='line_1_25' title="bbox 762 2096 1112 2137; baseline 0.003 -7"><span class='ocrx_word' id='word_1_168' title='bbox 762 2096 774 2118; x_wconf 81' lang='lat'>¹</span> <span class='ocrx_word' id='word_1_169' title='bbox 795 2097 919 2137; x_wconf 84' lang='lat'><strong>50,000</strong></span> <span class='ocrx_word' id='word_1_170' title='bbox 933 2102 1112 2131; x_wconf 77' lang='lat' dir='ltr'><strong>sesterces.</strong></span> 
     </span>
     <span class='ocr_line' id='line_1_26' title="bbox 325 2145 404 2181; baseline -0.013 0"><span class='ocrx_word' id='word_1_171' title='bbox 325 2145 404 2181; x_wconf 76' lang='lat'><strong>202</strong></span> 
     </span>
    </p>
   </div>
  </div>
 </body>
</html>
