1572 2378
543 145 770 184 MARCUS
808 145 1052 185 TULLIUS
1091 145 1292 185 CICERO

315 234 478 269 maximi
501 237 545 270 et
568 231 776 270 clarissimi
805 232 914 280 facti,
935 234 1050 270 nobis
1070 246 1184 284 quae,
1207 236 1275 285 qui
1303 234 1522 274 interfecto

314 314 413 352 rege
443 301 560 340 liberi
590 315 672 340 non
703 304 868 341 sumus?
923 302 1006 342 Sed
1040 303 1140 342 haec
1170 303 1333 342 fortuna
1363 305 1522 353 viderit,

314 377 504 425 quoniam
526 376 628 412 ratio
647 387 728 412 non
749 375 963 425 gubernat.

371 445 434 483 De
455 445 648 483 Cicerone
663 459 766 496 quae
782 447 933 493 scribis,
949 447 1125 485 iucunda
1138 446 1238 485 mihi
1257 453 1376 494 sunt;
1398 447 1520 487 velim

314 513 397 549 sint
416 524 616 562 prospera.
658 510 779 558 Quod
799 524 918 549 curae
937 513 1012 550 tibi
1028 517 1105 560 est,
1120 518 1166 550 ut
1185 515 1223 550 ei
1236 513 1522 564 suppeditetur

314 582 364 620 ad
397 595 512 620 usum
543 587 587 620 et
619 582 774 620 cultum
807 585 981 633 copiose,
1013 596 1087 634 per
1120 583 1220 621 mihi
1253 589 1414 634 gratum
1444 591 1520 633 est,

315 654 438 706 idque
457 659 504 692 ut
530 652 666 700 facias,
686 659 729 691 te
750 656 873 691 etiam
892 659 1016 705 atque
1036 657 1159 692 etiam
1180 667 1287 705 rogo.
1349 655 1412 694 De
1442 655 1520 695 Bu-

314 725 476 763 throtiis
499 729 542 763 et
563 729 611 762 tu
633 729 745 763 recte
768 727 934 776 cogitas,
956 730 1000 763 et
1023 737 1099 775 ego
1119 738 1201 763 non
1221 725 1383 764 dimitto
1402 729 1520 766 istam

314 811 461 836 curam.
528 796 752 848 Suscipiam
789 809 950 834 omnem
991 801 1115 835 etiam
1151 800 1367 846 actionem,
1400 812 1519 850 quam

314 869 432 908 video
451 869 602 907 cotidie
621 868 853 906 faciliorem.
904 868 968 906 De
985 868 1192 916 Cluviano,
1206 873 1395 921 quoniam
1415 874 1455 908 in
1476 884 1519 910 re

313 954 405 979 mea
426 954 492 979 me
515 943 647 991 ipsum
669 939 883 990 diligentia
906 941 1045 986 vincis,
1067 952 1131 978 res
1154 939 1206 977 ad
1233 945 1408 979 centena
1430 954 1516 992 per-

312 1012 484 1051 ducitur.
545 1012 674 1050 Ruina
697 1025 782 1050 rem
805 1024 887 1049 non
910 1010 1010 1049 fecit
1030 1010 1290 1059 deteriorem,
1310 1012 1419 1050 haud
1437 1015 1520 1052 scio

311 1097 364 1121 an
384 1086 507 1122 etiam
527 1083 846 1121 fructuosiorem.

369 1156 450 1192 Hic
479 1168 639 1192 mecum
668 1154 829 1201 Balbus,
855 1154 1028 1201 Hirtius,
1055 1154 1193 1193 Pansa.
1253 1155 1377 1193 Modo
1406 1159 1519 1195 venit

313 1227 506 1264 Octavius
526 1231 569 1264 et
588 1226 753 1277 quidem
772 1228 814 1263 in
834 1228 1055 1276 proximam
1072 1225 1205 1263 villam
1225 1226 1400 1278 Philippi
1419 1227 1518 1266 mihi

312 1303 422 1336 totus
452 1297 626 1336 deditus.
686 1296 887 1334 Lentulus
921 1296 1117 1347 Spinther
1146 1296 1268 1335 hodie
1301 1297 1409 1349 apud
1439 1311 1516 1337 me.

312 1370 407 1408 Cras
425 1382 545 1407 mane
566 1368 687 1407 vadit.

875 1491 955 1528 XII

708 1586 848 1611 CICERO
878 1586 1018 1610 ATTxco
1047 1586 1125 1612 SAL.

29 1658 107 1697 Ser.
133 1656 298 1695 Puteolis
369 1657 406 1696 O
429 1659 485 1694 mi
509 1656 661 1703 Attice,
685 1669 839 1703 vereor,
865 1669 917 1693 ne
945 1657 1061 1693 nobis
1091 1655 1187 1694 Idus
1218 1655 1388 1694 Martiae
1416 1655 1517 1694 nihil

29 1712 67 1804 ἔ
89 1711 265 1806 {fl-OM&
313 1729 506 1767 dederint
524 1733 686 1779 praeter
703 1727 901 1766 laetitiam
925 1733 968 1766 et
990 1727 1072 1765 odii
1095 1741 1267 1785 poenam
1289 1742 1335 1766 ac
1358 1728 1516 1767 doloris.

315 1800 430 1848 Quae
450 1799 549 1837 mihi
569 1802 678 1837 istim
697 1799 960 1853 adferuntur!
989 1812 1092 1850 quae
1112 1798 1179 1836 hic
1198 1798 1339 1838 video!

530 1881 612 1922 “*ss
631 1882 798 1934 πράξεως
819 1884 935 1932 καλῆς
953 1882 1032 1932 μέν,
1053 1884 1206 1923 ἀτελοῦς
1226 1881 1302 1921 δέ.”

368 1966 467 2015 Scis,
486 1979 606 2018 quam
629 1964 796 2015 diligam
823 1964 977 2003 Siculos
1004 1969 1047 2002 et
1072 1977 1192 2015 quam
1215 1963 1326 2001 illam
1349 1963 1518 2021 91ιί3ῐὲ-

315 2130 393 2165 238
