1572 2378
534 182 761 221 MARCUS
799 181 1043 221 TULLIUS
1081 181 1282 220 CICERO

304 283 436 309 sermo
461 283 485 308 a
513 270 710 321 Capitone
738 270 791 308 de
820 271 919 308 urbe
947 269 1148 321 augenda,
1167 283 1191 308 a
1209 275 1336 321 ponte
1356 269 1510 308 Mulvio

305 342 483 380 Tiberim
511 341 605 380 duci
634 341 856 380 secundum
886 346 1046 379 montes
1076 341 1305 388 vaticanos,
1324 353 1509 391 campum

307 413 501 451 Martium
516 412 777 460 coaedificari,
790 412 903 450 illum
917 418 1055 451 autem
1071 425 1255 462 campum
1273 411 1510 449 Vaticanum

306 483 391 521 fieri
412 486 525 535 quasi
545 484 738 521 Martium
758 496 956 534 campum.
1013 481 1162 529 “Quid
1181 482 1303 520 ais?”
1324 485 1512 534 inquam;

307 559 387 592 “at
406 568 483 606 ego
501 554 552 592 ad
572 554 765 600 tabulam,
786 559 846 601 ut,
868 557 900 592 si
927 559 1040 592 recte
1067 566 1240 604 possem,
1268 552 1513 604 Scapulanos

306 626 483 664 hortos.'’
541 626 684 663 “Cave
713 624 873 672 facias,’'
904 628 1061 676 inquit;
1091 628 1222 662 “nam
1243 626 1320 662 ista
1337 623 1404 662 lex
1423 636 1514 676 per-

306 696 485 742 feretur3
515 696 602 734 vult
621 698 730 734 enim
751 696 934 735 Caesar.”
979 695 1132 733 Audire
1152 708 1218 733 me
1239 694 1357 733 facile
1376 707 1515 746 passus

308 780 411 814 sum,
441 766 525 805 fieri
555 772 692 804 autem
722 766 894 804 moleste
923 766 1020 805 fero.
1089 765 1172 805 Sed
1210 771 1256 804 tu
1294 765 1391 817 quid
1428 767 1514 804 ais?

309 838 564 889 Quamquam
597 837 695 888 quid
727 838 904 889 quaero?
962 837 1080 876 Nosti
1111 836 1368 888 diligentiam
1400 836 1515 888 Capi-

309 912 417 947 tonis
453 912 495 946 in
532 909 651 947 rebus
688 911 802 946 novis
839 908 1133 959 perquirendis.
1196 908 1289 946 Non
1326 907 1516 948 concedit

311 980 489 1018 Camillo.
540 981 678 1018 Facies
697 992 763 1017 me
783 982 908 1030 igitur
927 982 1142 1018 certiorem
1161 979 1219 1018 de
1235 979 1386 1018 Idibus.
1435 979 1518 1018 Ista

311 1053 419 1089 enim
457 1064 523 1089 me
561 1064 625 1088 res
661 1050 901 1089 adducebat.
959 1051 1020 1089 Eo
1051 1050 1315 1089 adiunxeram
1348 1055 1518 1099 ceteras,

310 1134 409 1173 quas
446 1124 638 1172 consequi
674 1126 813 1159 tamen
852 1121 975 1159 biduo
1007 1126 1079 1159 aut
1110 1121 1247 1160 triduo
1277 1126 1370 1172 post
1399 1120 1517 1160 facile

310 1198 463 1243 potero.
521 1193 580 1230 Te
609 1197 748 1230 tamen
774 1194 816 1229 in
843 1195 905 1229 via
931 1192 1072 1230 confici
1091 1194 1258 1230 minime
1278 1192 1391 1237 volo;
1421 1195 1517 1244 quin

311 1267 435 1303 etiam
456 1264 652 1315 Dionysio
672 1267 847 1314 ignosco.
898 1264 961 1302 De
983 1263 1109 1302 Bruto
1128 1263 1237 1315 quod
1256 1264 1409 1310 scribis,
1426 1263 1518 1310 feci,

313 1341 359 1373 ut
381 1338 418 1373 ei
442 1335 613 1372 liberum
643 1340 763 1381 esset,
793 1334 901 1386 quod
928 1334 980 1372 ad
1009 1347 1075 1372 me
1103 1331 1311 1373 attineret.
1370 1334 1516 1386 Scripsi

310 1409 419 1446 enim
438 1406 489 1443 ad
510 1419 603 1444 eum
626 1406 712 1443 heri
734 1405 872 1443 Idibus
899 1408 985 1444 eius
1009 1418 1132 1457 opera
1159 1405 1260 1443 mihi
1287 1405 1390 1443 nihil
1418 1419 1518 1457 opus

310 1490 410 1516 esse.

824 1608 1005 1646 XXXIV

706 1709 846 1735 CICERO
875 1709 1017 1735 ATTICO
1045 1709 1122 1735 SAL.

28 1791 107 1830 Ser,
133 1791 294 1829 Asturae
368 1786 558 1824 Asturam
596 1787 687 1823 veni
726 1797 795 1822 vm
837 1784 924 1824 Kal.
965 1784 1151 1836 vesperi.¹
1209 1785 1376 1837 Vitandi
1408 1787 1516 1824 enim

34 1845 94 1884 VI
114 1845 161 1884 K·
192 1845 290 1884 ‘5⁶2³‘-
312 1857 453 1895 caloris
489 1869 608 1895 causa
648 1856 800 1894 Lanuvi
838 1858 911 1894 tris
948 1855 1066 1894 horas
1102 1858 1391 1908 acquieveram.
1454 1855 1516 1895 Tu

29 1913 63 1938 α’
88 1901 164 1939 709
311 1927 446 1976 velim,
465 1929 498 1965 si
516 1939 638 1978 grave
658 1940 739 1964 non
760 1929 851 1974 erit,
871 1926 1029 1974 efficias,
1050 1939 1102 1965 ne
1126 1932 1222 1966 ante
1252 1927 1390 1965 Nonas
1418 1926 1518 1966 mihi

309 1999 405 2037 illuc
436 1997 682 2038 veniendum
713 2001 766 2036 sit
797 1997 857 2050 (id
886 2003 1003 2049 potes
1031 2011 1106 2050 per
1136 1998 1358 2050 Egnatium
1389 1999 1516 2037 Maxi-

646 2096 661 2119 ²
685 2097 820 2140 vesperi
837 2096 1016 2131 Schmidt:
1041 2097 1101 2131 iul.
1122 2097 1176 2132 M.

313 2164 388 2199 180
