<?xml version="1.0" encoding="UTF-8"?>
<!DOCTYPE html PUBLIC "-//W3C//DTD XHTML 1.0 Transitional//EN"
    "http://www.w3.org/TR/xhtml1/DTD/xhtml1-transitional.dtd">
<html xmlns="http://www.w3.org/1999/xhtml" xml:lang="en" lang="en">
 <head>
  <title>
</title>
<meta http-equiv="Content-Type" content="text/html;charset=utf-8" />
  <meta name='ocr-system' content='tesseract 3.04.00' />
  <meta name='ocr-capabilities' content='ocr_page ocr_carea ocr_par ocr_line ocrx_word'/>
</head>
<body>
  <div class='ocr_page' id='page_1' title='image "./letterstoatticuswins03ciceuoft_0384.png"; bbox 0 0 1572 2378; ppageno 0'>
   <div class='ocr_carea' id='block_1_1' title="bbox 544 415 1337 582">
    <p class='ocr_par' dir='ltr' id='par_1_1' title="bbox 544 415 1337 582">
     <span class='ocr_line' id='line_1_1' title="bbox 645 415 1228 457; baseline 0.002 -1"><span class='ocrx_word' id='word_1_1' title='bbox 645 418 701 457; x_wconf 90' lang='grc' dir='ltr'><strong>Μ.</strong></span> <span class='ocrx_word' id='word_1_2' title='bbox 731 417 902 457; x_wconf 90' lang='lat' dir='ltr'>TULLI</span> <span class='ocrx_word' id='word_1_3' title='bbox 932 415 1228 457; x_wconf 85' lang='lat' dir='ltr'>CICERONIS</span> 
     </span>
     <span class='ocr_line' id='line_1_2' title="bbox 544 479 1337 520; baseline 0 -2"><span class='ocrx_word' id='word_1_4' title='bbox 544 480 946 520; x_wconf 85' lang='lat' dir='ltr'>EPISTULARUM</span> <span class='ocrx_word' id='word_1_5' title='bbox 977 479 1057 518; x_wconf 93' lang='lat' dir='ltr'><strong>AD</strong></span> <span class='ocrx_word' id='word_1_6' title='bbox 1086 480 1337 519; x_wconf 87' lang='lat' dir='ltr'>ATTICUM</span> 
     </span>
     <span class='ocr_line' id='line_1_3' title="bbox 599 541 1289 582; baseline 0.001 -1"><span class='ocrx_word' id='word_1_7' title='bbox 599 543 765 581; x_wconf 83' lang='lat' dir='ltr'>LIBER</span> <span class='ocrx_word' id='word_1_8' title='bbox 793 541 1006 582; x_wconf 90' lang='lat' dir='ltr'>SEXTUS</span> <span class='ocrx_word' id='word_1_9' title='bbox 1035 541 1289 582; x_wconf 89' lang='lat' dir='ltr'>DECIMUS</span> 
     </span>
    </p>
   </div>
   <div class='ocr_carea' id='block_1_2' title="bbox 931 707 947 744">
    <p class='ocr_par' dir='ltr' id='par_1_2' title="bbox 931 707 947 744">
     <span class='ocr_line' id='line_1_4' title="bbox 931 707 947 744; baseline 0 0"><span class='ocrx_word' id='word_1_10' title='bbox 931 707 947 744; x_wconf 93' lang='lat'><em>1</em></span> 
     </span>
    </p>
   </div>
   <div class='ocr_carea' id='block_1_3' title="bbox 733 790 1153 819">
    <p class='ocr_par' dir='ltr' id='par_1_3' title="bbox 733 790 1153 819">
     <span class='ocr_line' id='line_1_5' title="bbox 733 790 1153 819; baseline -0.002 -1"><span class='ocrx_word' id='word_1_11' title='bbox 733 793 874 819; x_wconf 75' lang='lat' dir='ltr'><strong>cxcERo</strong></span> <span class='ocrx_word' id='word_1_12' title='bbox 904 792 1046 818; x_wconf 78' lang='lat' dir='ltr'>ATTICO</span> <span class='ocrx_word' id='word_1_13' title='bbox 1073 790 1153 818; x_wconf 73' lang='lat' dir='ltr'><strong>SM,-</strong></span> 
     </span>
    </p>
   </div>
   <div class='ocr_carea' id='block_1_4' title="bbox 52 859 1552 1829">
    <p class='ocr_par' dir='ltr' id='par_1_4' title="bbox 52 859 1548 1176">
     <span class='ocr_line' id='line_1_6' title="bbox 52 859 1545 910; baseline 0 -8"><span class='ocrx_word' id='word_1_14' title='bbox 52 860 130 898; x_wconf 80' lang='lat' dir='ltr'><strong>Scr·</strong></span> <span class='ocrx_word' id='word_1_15' title='bbox 151 859 189 897; x_wconf 72' lang='lat' dir='ltr'><strong>in</strong></span> <span class='ocrx_word' id='word_1_16' title='bbox 392 863 519 902; x_wconf 88' lang='lat' dir='ltr'>Nonis</span> <span class='ocrx_word' id='word_1_17' title='bbox 539 862 815 910; x_wconf 76' lang='lat' dir='ltr'><strong>Quinctilibus</strong></span> <span class='ocrx_word' id='word_1_18' title='bbox 833 863 927 900; x_wconf 91' lang='lat' dir='ltr'><strong>veni</strong></span> <span class='ocrx_word' id='word_1_19' title='bbox 945 864 988 900; x_wconf 89' lang='lat' dir='ltr'><strong>in</strong></span> <span class='ocrx_word' id='word_1_20' title='bbox 1011 861 1289 901; x_wconf 78' lang='lat' dir='ltr'><strong>Puteolanum.</strong></span> <span class='ocrx_word' id='word_1_21' title='bbox 1347 860 1545 902; x_wconf 81' lang='lat' dir='ltr'><strong>Postridie</strong></span> 
     </span>
     <span class='ocr_line' id='line_1_7' title="bbox 57 913 1547 979; baseline 0.001 -12"><span class='ocrx_word' id='word_1_22' title='bbox 57 913 258 976; x_wconf 46' lang='lat' dir='ltr'><strong>{medam</strong></span> <span class='ocrx_word' id='word_1_23' title='bbox 337 931 425 967; x_wconf 90' lang='lat' dir='ltr'><strong>iens</strong></span> <span class='ocrx_word' id='word_1_24' title='bbox 455 928 507 967; x_wconf 88' lang='lat' dir='ltr'><strong>ad</strong></span> <span class='ocrx_word' id='word_1_25' title='bbox 538 928 709 966; x_wconf 82' lang='lat' dir='ltr'><strong>Brutum</strong></span> <span class='ocrx_word' id='word_1_26' title='bbox 738 930 781 965; x_wconf 90' lang='lat' dir='ltr'><strong>in</strong></span> <span class='ocrx_word' id='word_1_27' title='bbox 812 926 1006 965; x_wconf 87' lang='lat' dir='ltr'><strong>Nesidem</strong></span> <span class='ocrx_word' id='word_1_28' title='bbox 1038 926 1140 966; x_wconf 85' lang='lat' dir='ltr'><strong>haec</strong></span> <span class='ocrx_word' id='word_1_29' title='bbox 1169 929 1320 979; x_wconf 89' lang='lat' dir='ltr'><strong>scripsi.</strong></span> <span class='ocrx_word' id='word_1_30' title='bbox 1386 926 1469 967; x_wconf 81' lang='lat' dir='ltr'><strong>Sed</strong></span> <span class='ocrx_word' id='word_1_31' title='bbox 1496 941 1547 968; x_wconf 86' lang='lat' dir='ltr'><strong>eo</strong></span> 
     </span>
     <span class='ocr_line' id='line_1_8' title="bbox 55 967 1545 1066; baseline 0 -33"><span class='ocrx_word' id='word_1_32' title='bbox 55 968 168 1066; x_wconf 55' lang='grc' dir='ltr'><strong>ὃζῖίι</strong></span> <span class='ocrx_word' id='word_1_33' title='bbox 184 967 323 1060; x_wconf 45' lang='lat'><strong>11:1&#39;710</strong></span> <span class='ocrx_word' id='word_1_34' title='bbox 339 995 418 1042; x_wconf 92' lang='lat' dir='ltr'><strong>die,</strong></span> <span class='ocrx_word' id='word_1_35' title='bbox 438 1008 519 1046; x_wconf 92' lang='lat' dir='ltr'><strong>quo</strong></span> <span class='ocrx_word' id='word_1_36' title='bbox 537 1007 742 1041; x_wconf 84' lang='lat' dir='ltr'><strong>veneram,</strong></span> <span class='ocrx_word' id='word_1_37' title='bbox 762 996 926 1032; x_wconf 78' lang='lat' dir='ltr'><strong>cenanti</strong></span> <span class='ocrx_word' id='word_1_38' title='bbox 947 993 1047 1031; x_wconf 87' lang='lat' dir='ltr'><strong>Eros</strong></span> <span class='ocrx_word' id='word_1_39' title='bbox 1065 998 1156 1031; x_wconf 85' lang='lat' dir='ltr'><strong>tuas</strong></span> <span class='ocrx_word' id='word_1_40' title='bbox 1174 992 1343 1034; x_wconf 75' lang='lat' dir='ltr'><strong>litteras,</strong></span> <span class='ocrx_word' id='word_1_41' title='bbox 1395 993 1514 1033; x_wconf 72' lang='lat' dir='ltr'><strong>Itane</strong></span> <span class='ocrx_word' id='word_1_42' title='bbox 1529 994 1545 1032; x_wconf 74' lang='grc' dir='ltr'><em>ἲ</em></span> 
     </span>
     <span class='ocr_line' id='line_1_9' title="bbox 170 1050 1547 1099; baseline -0.001 0"><span class='ocrx_word' id='word_1_43' title='bbox 170 1053 179 1060; x_wconf 76' lang='grc'><strong>’</strong></span> <span class='ocrx_word' id='word_1_44' title='bbox 219 1050 228 1059; x_wconf 65' lang='grc'><strong>’</strong></span> <span class='ocrx_word' id='word_1_45' title='bbox 339 1073 457 1099; x_wconf 71' lang='lat' dir='ltr'><strong>nonis</strong></span> <span class='ocrx_word' id='word_1_46' title='bbox 494 1060 637 1098; x_wconf 78' lang='lat' dir='ltr'><strong>mms?</strong></span> <span class='ocrx_word' id='word_1_47' title='bbox 707 1058 762 1097; x_wconf 94' lang='lat' dir='ltr'><strong>Di</strong></span> <span class='ocrx_word' id='word_1_48' title='bbox 799 1058 964 1097; x_wconf 88' lang='lat' dir='ltr'>hercule</span> <span class='ocrx_word' id='word_1_49' title='bbox 1001 1060 1112 1097; x_wconf 84' lang='lat' dir='ltr'><strong>istis!</strong></span> <span class='ocrx_word' id='word_1_50' title='bbox 1182 1058 1262 1097; x_wconf 90' lang='lat' dir='ltr'><strong>Sed</strong></span> <span class='ocrx_word' id='word_1_51' title='bbox 1307 1058 1547 1098; x_wconf 78' lang='lat' dir='ltr'><strong>stomachari</strong></span> 
     </span>
     <span class='ocr_line' id='line_1_10' title="bbox 338 1123 1548 1176; baseline 0 -12"><span class='ocrx_word' id='word_1_52' title='bbox 338 1131 472 1164; x_wconf 87' lang='lat' dir='ltr'><strong>totum</strong></span> <span class='ocrx_word' id='word_1_53' title='bbox 492 1125 601 1163; x_wconf 90' lang='lat' dir='ltr'><strong>diem</strong></span> <span class='ocrx_word' id='word_1_54' title='bbox 620 1125 728 1164; x_wconf 87' lang='lat' dir='ltr'><strong>licet.</strong></span> <span class='ocrx_word' id='word_1_55' title='bbox 787 1123 1070 1176; x_wconf 85' lang='lat' dir='ltr'><strong>Quicquamne</strong></span> <span class='ocrx_word' id='word_1_56' title='bbox 1090 1126 1248 1175; x_wconf 82' lang='lat' dir='ltr'><strong>turpius</strong></span> <span class='ocrx_word' id='word_1_57' title='bbox 1271 1137 1393 1176; x_wconf 74' lang='lat' dir='ltr'><strong>quam</strong></span> <span class='ocrx_word' id='word_1_58' title='bbox 1423 1123 1548 1164; x_wconf 77' lang='lat' dir='ltr'><strong>Bruto</strong></span> 
     </span>
    </p>

    <p class='ocr_par' dir='ltr' id='par_1_5' title="bbox 341 1189 1546 1241">
     <span class='ocr_line' id='line_1_11' title="bbox 341 1189 1546 1241; baseline 0 -12"><span class='ocrx_word' id='word_1_59' title='bbox 341 1191 482 1229; x_wconf 62' lang='lat' dir='ltr'><strong>mnus?</strong></span> <span class='ocrx_word' id='word_1_60' title='bbox 542 1189 680 1228; x_wconf 88' lang='lat' dir='ltr'><strong>Redeo</strong></span> <span class='ocrx_word' id='word_1_61' title='bbox 699 1189 750 1228; x_wconf 83' lang='lat' dir='ltr'><strong>ad</strong></span> <span class='ocrx_word' id='word_1_62' title='bbox 770 1203 907 1228; x_wconf 88' lang='lat' dir='ltr'><strong>meum</strong></span> <span class='ocrx_word' id='word_1_63' title='bbox 937 1192 1062 1240; x_wconf 85' lang='lat' dir='ltr'><strong>igitur</strong></span> <span class='ocrx_word' id='word_1_64' title='bbox 1090 1190 1180 1229; x_wconf 81' lang='grc' dir='ltr'>“ἔτ’</span> <span class='ocrx_word' id='word_1_65' title='bbox 1210 1189 1378 1241; x_wconf 83' lang='grc' dir='ltr'>ἐῶμεν,·”</span> <span class='ocrx_word' id='word_1_66' title='bbox 1435 1189 1546 1229; x_wconf 84' lang='lat' dir='ltr'><strong>Nihil</strong></span> 
     </span>
    </p>

    <p class='ocr_par' dir='ltr' id='par_1_6' title="bbox 339 1254 1548 1307">
     <span class='ocr_line' id='line_1_12' title="bbox 339 1254 1548 1307; baseline 0 -13"><span class='ocrx_word' id='word_1_67' title='bbox 339 1257 432 1295; x_wconf 91' lang='lat' dir='ltr'><strong>vidi.</strong></span> <span class='ocrx_word' id='word_1_68' title='bbox 491 1255 574 1295; x_wconf 90' lang='lat' dir='ltr'><strong>Sed</strong></span> <span class='ocrx_word' id='word_1_69' title='bbox 592 1254 690 1307; x_wconf 90' lang='lat' dir='ltr'><strong>quid</strong></span> <span class='ocrx_word' id='word_1_70' title='bbox 710 1260 788 1302; x_wconf 90' lang='lat' dir='ltr'><strong>est,</strong></span> <span class='ocrx_word' id='word_1_71' title='bbox 807 1268 968 1306; x_wconf 86' lang='lat' dir='ltr'><strong>quaeso,</strong></span> <span class='ocrx_word' id='word_1_72' title='bbox 989 1254 1098 1306; x_wconf 92' lang='lat' dir='ltr'><strong>quod</strong></span> <span class='ocrx_word' id='word_1_73' title='bbox 1126 1257 1331 1306; x_wconf 78' lang='lat' dir='ltr'><strong>agripetas</strong></span> <span class='ocrx_word' id='word_1_74' title='bbox 1360 1254 1548 1297; x_wconf 80' lang='lat' dir='ltr'><strong>Buthroti</strong></span> 
     </span>
    </p>

    <p class='ocr_par' dir='ltr' id='par_1_7' title="bbox 340 1319 1549 1367">
     <span class='ocr_line' id='line_1_13' title="bbox 340 1319 1549 1367; baseline 0 -7"><span class='ocrx_word' id='word_1_75' title='bbox 340 1324 519 1360; x_wconf 90' lang='lat' dir='ltr'><strong>concisos</strong></span> <span class='ocrx_word' id='word_1_76' title='bbox 551 1321 698 1359; x_wconf 83' lang='lat' dir='ltr'><strong>audio?</strong></span> <span class='ocrx_word' id='word_1_77' title='bbox 761 1319 872 1367; x_wconf 85' lang='lat' dir='ltr'><strong>Quid</strong></span> <span class='ocrx_word' id='word_1_78' title='bbox 904 1325 1043 1359; x_wconf 88' lang='lat' dir='ltr'><strong>autem</strong></span> <span class='ocrx_word' id='word_1_79' title='bbox 1083 1319 1255 1360; x_wconf 78' lang='lat' dir='ltr'><strong>Plancus</strong></span> <span class='ocrx_word' id='word_1_80' title='bbox 1286 1325 1372 1359; x_wconf 74' lang='lat' dir='ltr'><strong>tam</strong></span> <span class='ocrx_word' id='word_1_81' title='bbox 1403 1324 1549 1360; x_wconf 87' lang='lat' dir='ltr'><strong>cursim</strong></span> 
     </span>
    </p>

    <p class='ocr_par' dir='ltr' id='par_1_8' title="bbox 341 1384 1551 1440">
     <span class='ocr_line' id='line_1_14' title="bbox 341 1384 1551 1440; baseline -0.002 -13"><span class='ocrx_word' id='word_1_82' title='bbox 341 1387 418 1440; x_wconf 86' lang='lat' dir='ltr'><strong>(ita</strong></span> <span class='ocrx_word' id='word_1_83' title='bbox 436 1389 545 1426; x_wconf 88' lang='lat' dir='ltr'><strong>enim</strong></span> <span class='ocrx_word' id='word_1_84' title='bbox 564 1384 840 1438; x_wconf 83' lang='lat' dir='ltr'><strong>inaudiebam)</strong></span> <span class='ocrx_word' id='word_1_85' title='bbox 859 1385 968 1423; x_wconf 88' lang='lat' dir='ltr'><strong>diem</strong></span> <span class='ocrx_word' id='word_1_86' title='bbox 988 1390 1032 1424; x_wconf 85' lang='lat' dir='ltr'><strong>et</strong></span> <span class='ocrx_word' id='word_1_87' title='bbox 1050 1386 1242 1424; x_wconf 85' lang='lat' dir='ltr'><strong>noctem?</strong></span> <span class='ocrx_word' id='word_1_88' title='bbox 1298 1385 1405 1424; x_wconf 78' lang='lat' dir='ltr'><strong>Sane</strong></span> <span class='ocrx_word' id='word_1_89' title='bbox 1432 1388 1551 1438; x_wconf 87' lang='lat' dir='ltr'><strong>cupio</strong></span> 
     </span>
    </p>

    <p class='ocr_par' dir='ltr' id='par_1_9' title="bbox 342 1450 1547 1504">
     <span class='ocr_line' id='line_1_15' title="bbox 342 1450 1547 1504; baseline -0.001 -12"><span class='ocrx_word' id='word_1_90' title='bbox 342 1456 458 1500; x_wconf 88' lang='lat' dir='ltr'><strong>scire,</strong></span> <span class='ocrx_word' id='word_1_91' title='bbox 477 1452 575 1504; x_wconf 90' lang='lat' dir='ltr'><strong>quid</strong></span> <span class='ocrx_word' id='word_1_92' title='bbox 594 1454 657 1490; x_wconf 91' lang='lat' dir='ltr'><strong>sit.</strong></span> <span class='ocrx_word' id='word_1_93' title='bbox 718 1451 854 1489; x_wconf 86' lang='lat' dir='ltr'>Meam</span> <span class='ocrx_word' id='word_1_94' title='bbox 874 1450 1168 1502; x_wconf 88' lang='lat' dir='ltr'><strong>profectionem</strong></span> <span class='ocrx_word' id='word_1_95' title='bbox 1196 1451 1351 1489; x_wconf 83' lang='lat' dir='ltr'><strong>laudari</strong></span> <span class='ocrx_word' id='word_1_96' title='bbox 1379 1451 1547 1503; x_wconf 80' lang='lat' dir='ltr'><strong>gaudeo,</strong></span> 
     </span>
    </p>

    <p class='ocr_par' dir='ltr' id='par_1_10' title="bbox 345 1515 1551 1569">
     <span class='ocr_line' id='line_1_16' title="bbox 345 1515 1551 1569; baseline 0 -13"><span class='ocrx_word' id='word_1_97' title='bbox 345 1518 577 1557; x_wconf 89' lang='lat' dir='ltr'><strong>Videndum</strong></span> <span class='ocrx_word' id='word_1_98' title='bbox 607 1522 682 1564; x_wconf 88' lang='lat' dir='ltr'><strong>est,</strong></span> <span class='ocrx_word' id='word_1_99' title='bbox 713 1521 760 1555; x_wconf 91' lang='lat' dir='ltr'><strong>ut</strong></span> <span class='ocrx_word' id='word_1_100' title='bbox 789 1519 944 1554; x_wconf 89' lang='lat' dir='ltr'><strong>mansio</strong></span> <span class='ocrx_word' id='word_1_101' title='bbox 973 1515 1172 1555; x_wconf 85' lang='lat' dir='ltr'><strong>laudetur.</strong></span> <span class='ocrx_word' id='word_1_102' title='bbox 1231 1516 1434 1569; x_wconf 83' lang='lat' dir='ltr'><strong>Dymaeos</strong></span> <span class='ocrx_word' id='word_1_103' title='bbox 1453 1530 1551 1569; x_wconf 78' lang='lat' dir='ltr'><strong>agro</strong></span> 
     </span>
    </p>

    <p class='ocr_par' dir='ltr' id='par_1_11' title="bbox 344 1581 1552 1636">
     <span class='ocr_line' id='line_1_17' title="bbox 344 1581 1552 1636; baseline 0 -13"><span class='ocrx_word' id='word_1_104' title='bbox 344 1585 479 1636; x_wconf 88' lang='lat' dir='ltr'><strong>pulsos</strong></span> <span class='ocrx_word' id='word_1_105' title='bbox 499 1596 609 1622; x_wconf 86' lang='lat' dir='ltr'><strong>mare</strong></span> <span class='ocrx_word' id='word_1_106' title='bbox 627 1582 823 1621; x_wconf 88' lang='lat' dir='ltr'><strong>infestum</strong></span> <span class='ocrx_word' id='word_1_107' title='bbox 839 1581 988 1620; x_wconf 85' lang='lat' dir='ltr'><strong>habere</strong></span> <span class='ocrx_word' id='word_1_108' title='bbox 1005 1581 1062 1620; x_wconf 91' lang='lat' dir='ltr'><strong>nil</strong></span> <span class='ocrx_word' id='word_1_109' title='bbox 1077 1584 1234 1620; x_wconf 87' lang='lat' dir='ltr'><strong>mirum.</strong></span> <span class='ocrx_word' id='word_1_110' title='bbox 1279 1581 1345 1623; x_wconf 82' lang='grc' dir='ltr'><strong>Ἐν</strong></span> <span class='ocrx_word' id='word_1_111' title='bbox 1362 1583 1552 1636; x_wconf 71' lang='grc' dir='ltr'>ὅμοπλοίᾳ</span> 
     </span>
    </p>

    <p class='ocr_par' dir='ltr' id='par_1_12' title="bbox 346 1647 1550 1700">
     <span class='ocr_line' id='line_1_18' title="bbox 346 1647 1550 1700; baseline 0 -12"><span class='ocrx_word' id='word_1_112' title='bbox 346 1650 459 1688; x_wconf 87' lang='lat' dir='ltr'><strong>Bruti</strong></span> <span class='ocrx_word' id='word_1_113' title='bbox 508 1649 669 1687; x_wconf 89' lang='lat' dir='ltr'><strong>videtur</strong></span> <span class='ocrx_word' id='word_1_114' title='bbox 713 1647 866 1700; x_wconf 86' lang='lat' dir='ltr'><strong>aliquid</strong></span> <span class='ocrx_word' id='word_1_115' title='bbox 909 1647 1097 1698; x_wconf 84' lang='lat' dir='ltr'><strong>praesidii</strong></span> <span class='ocrx_word' id='word_1_116' title='bbox 1135 1661 1236 1695; x_wconf 87' lang='lat' dir='ltr'><strong>esse,</strong></span> <span class='ocrx_word' id='word_1_117' title='bbox 1273 1647 1359 1695; x_wconf 85' lang='lat' dir='ltr'><strong>sed,</strong></span> <span class='ocrx_word' id='word_1_118' title='bbox 1396 1651 1550 1700; x_wconf 86' lang='lat' dir='ltr'><strong>opinor,</strong></span> 
     </span>
    </p>

    <p class='ocr_par' dir='ltr' id='par_1_13' title="bbox 343 1712 1551 1764">
     <span class='ocr_line' id='line_1_19' title="bbox 343 1712 1551 1764; baseline -0.001 -11"><span class='ocrx_word' id='word_1_119' title='bbox 343 1717 502 1753; x_wconf 85' lang='lat' dir='ltr'><strong>minuta</strong></span> <span class='ocrx_word' id='word_1_120' title='bbox 520 1715 690 1764; x_wconf 86' lang='lat' dir='ltr'><strong>navigia.</strong></span> <span class='ocrx_word' id='word_1_121' title='bbox 749 1712 831 1751; x_wconf 92' lang='lat' dir='ltr'><strong>Sed</strong></span> <span class='ocrx_word' id='word_1_122' title='bbox 857 1715 936 1750; x_wconf 81' lang='lat' dir='ltr'><strong>iam</strong></span> <span class='ocrx_word' id='word_1_123' title='bbox 961 1715 1083 1750; x_wconf 87' lang='lat' dir='ltr'><strong>sciam</strong></span> <span class='ocrx_word' id='word_1_124' title='bbox 1112 1718 1156 1751; x_wconf 87' lang='lat' dir='ltr'><strong>et</strong></span> <span class='ocrx_word' id='word_1_125' title='bbox 1183 1712 1235 1751; x_wconf 89' lang='lat' dir='ltr'><strong>ad</strong></span> <span class='ocrx_word' id='word_1_126' title='bbox 1263 1717 1307 1752; x_wconf 89' lang='lat' dir='ltr'><strong>te</strong></span> <span class='ocrx_word' id='word_1_127' title='bbox 1331 1726 1428 1752; x_wconf 76' lang='lat' dir='ltr'><strong>cras.</strong></span> <span class='ocrx_word' id='word_1_128' title='bbox 1486 1712 1551 1752; x_wconf 85' lang='lat' dir='ltr'><strong>De</strong></span> 
     </span>
    </p>

    <p class='ocr_par' dir='ltr' id='par_1_14' title="bbox 345 1777 1551 1829">
     <span class='ocr_line' id='line_1_20' title="bbox 345 1777 1551 1829; baseline 0.002 -12"><span class='ocrx_word' id='word_1_129' title='bbox 345 1779 540 1818; x_wconf 88' lang='lat' dir='ltr'><strong>Ventidio</strong></span> <span class='ocrx_word' id='word_1_130' title='bbox 568 1779 723 1818; x_wconf 87' lang='grc' dir='ltr'>πανικὸν</span> <span class='ocrx_word' id='word_1_131' title='bbox 752 1782 862 1829; x_wconf 91' lang='lat' dir='ltr'><strong>puto.</strong></span> <span class='ocrx_word' id='word_1_132' title='bbox 922 1777 986 1816; x_wconf 90' lang='lat' dir='ltr'><strong>De</strong></span> <span class='ocrx_word' id='word_1_133' title='bbox 1020 1777 1146 1816; x_wconf 86' lang='lat' dir='ltr'><strong>Sexto</strong></span> <span class='ocrx_word' id='word_1_134' title='bbox 1179 1791 1252 1829; x_wconf 91' lang='lat' dir='ltr'><strong>pro</strong></span> <span class='ocrx_word' id='word_1_135' title='bbox 1283 1783 1396 1818; x_wconf 80' lang='lat' dir='ltr'><strong>certo</strong></span> <span class='ocrx_word' id='word_1_136' title='bbox 1428 1777 1551 1819; x_wconf 76' lang='lat' dir='ltr'><strong>habe-</strong></span> 
     </span>
    </p>
   </div>
   <div class='ocr_carea' id='block_1_5' title="bbox 346 1842 1552 1891">
    <p class='ocr_par' dir='ltr' id='par_1_15' title="bbox 346 1842 1552 1891">
     <span class='ocr_line' id='line_1_21' title="bbox 346 1842 1552 1891; baseline -0.001 -8"><span class='ocrx_word' id='word_1_137' title='bbox 346 1845 466 1883; x_wconf 87' lang='lat' dir='ltr'><strong>batur</strong></span> <span class='ocrx_word' id='word_1_138' title='bbox 483 1844 665 1883; x_wconf 77' lang='lat' dir='ltr'><strong>abicerel</strong></span> <span class='ocrx_word' id='word_1_139' title='bbox 685 1857 805 1883; x_wconf 86' lang='lat' dir='ltr'><strong>arma.</strong></span> <span class='ocrx_word' id='word_1_140' title='bbox 863 1842 984 1891; x_wconf 83' lang='lat' dir='ltr'><strong>Quod</strong></span> <span class='ocrx_word' id='word_1_141' title='bbox 1010 1845 1043 1881; x_wconf 91' lang='lat' dir='ltr'><strong>si</strong></span> <span class='ocrx_word' id='word_1_142' title='bbox 1069 1856 1208 1881; x_wconf 89' lang='lat' dir='ltr'><strong>verum</strong></span> <span class='ocrx_word' id='word_1_143' title='bbox 1234 1848 1310 1891; x_wconf 86' lang='lat' dir='ltr'><strong>est,</strong></span> <span class='ocrx_word' id='word_1_144' title='bbox 1331 1845 1419 1883; x_wconf 83' lang='lat' dir='ltr'><strong>sine</strong></span> <span class='ocrx_word' id='word_1_145' title='bbox 1442 1842 1552 1884; x_wconf 87' lang='lat' dir='ltr'><strong>bello</strong></span> 
     </span>
    </p>
   </div>
   <div class='ocr_carea' id='block_1_6' title="bbox 537 1931 1375 1966">
    <p class='ocr_par' dir='ltr' id='par_1_16' title="bbox 537 1931 1375 1966">
     <span class='ocr_line' id='line_1_22' title="bbox 537 1931 1375 1966; baseline 0 -1"><span class='ocrx_word' id='word_1_146' title='bbox 537 1931 550 1953; x_wconf 85' lang='lat'>²</span> <span class='ocrx_word' id='word_1_147' title='bbox 570 1932 708 1966; x_wconf 75' lang='lat' dir='ltr'><strong>abicere</strong></span> <span class='ocrx_word' id='word_1_148' title='bbox 730 1933 848 1965; x_wconf 82' lang='lat' dir='ltr'><strong>Klotz:</strong></span> <span class='ocrx_word' id='word_1_149' title='bbox 873 1931 919 1965; x_wconf 78' lang='lat' dir='ltr'><strong>ad</strong></span> <span class='ocrx_word' id='word_1_150' title='bbox 936 1932 1058 1966; x_wconf 78' lang='lat' dir='ltr'><strong><em>MSS.=</em></strong></span> <span class='ocrx_word' id='word_1_151' title='bbox 1083 1931 1179 1965; x_wconf 78' lang='lat' dir='ltr'><strong>haud</strong></span> <span class='ocrx_word' id='word_1_152' title='bbox 1194 1931 1240 1965; x_wconf 83' lang='lat' dir='ltr'><strong>ad</strong></span> <span class='ocrx_word' id='word_1_153' title='bbox 1257 1931 1375 1966; x_wconf 75' lang='lat' dir='ltr'><strong>Orelli.</strong></span> 
     </span>
    </p>
   </div>
   <div class='ocr_carea' id='block_1_7' title="bbox 347 2042 1551 2128">
    <p class='ocr_par' dir='ltr' id='par_1_17' title="bbox 347 2042 1551 2128">
     <span class='ocr_line' id='line_1_23' title="bbox 393 2042 1551 2087; baseline 0.002 -10"><span class='ocrx_word' id='word_1_154' title='bbox 393 2045 406 2066; x_wconf 89' lang='lat'>¹</span> <span class='ocrx_word' id='word_1_155' title='bbox 429 2045 504 2077; x_wconf 80' lang='lat' dir='ltr'><strong>The</strong></span> <span class='ocrx_word' id='word_1_156' title='bbox 521 2044 642 2077; x_wconf 74' lang='lat' dir='ltr'><strong>mouth</strong></span> <span class='ocrx_word' id='word_1_157' title='bbox 667 2044 856 2084; x_wconf 67' lang='lat' dir='ltr'><strong>Quinctilii:</strong></span> <span class='ocrx_word' id='word_1_158' title='bbox 881 2043 949 2076; x_wconf 72' lang='lat' dir='ltr'><strong>had</strong></span> <span class='ocrx_word' id='word_1_159' title='bbox 974 2043 1131 2087; x_wconf 82' lang='lat' dir='ltr'><strong>recently</strong></span> <span class='ocrx_word' id='word_1_160' title='bbox 1148 2043 1234 2076; x_wconf 87' lang='lat' dir='ltr'><strong>been</strong></span> <span class='ocrx_word' id='word_1_161' title='bbox 1253 2043 1416 2077; x_wconf 71' lang='lat' dir='ltr'><strong>renamed</strong></span> <span class='ocrx_word' id='word_1_162' title='bbox 1431 2042 1551 2079; x_wconf 69' lang='lat' dir='ltr'><strong>Julius</strong></span> 
     </span>
     <span class='ocr_line' id='line_1_24' title="bbox 347 2087 1544 2128; baseline 0 -8"><span class='ocrx_word' id='word_1_163' title='bbox 347 2088 442 2121; x_wconf 73' lang='lat' dir='ltr'><strong>after</strong></span> <span class='ocrx_word' id='word_1_164' title='bbox 457 2089 596 2128; x_wconf 73' lang='lat' dir='ltr'><strong>Caesar,</strong></span> <span class='ocrx_word' id='word_1_165' title='bbox 616 2088 694 2121; x_wconf 87' lang='lat' dir='ltr'><strong>who</strong></span> <span class='ocrx_word' id='word_1_166' title='bbox 711 2099 781 2120; x_wconf 68' lang='lat' dir='ltr'><strong>was</strong></span> <span class='ocrx_word' id='word_1_167' title='bbox 798 2087 884 2120; x_wconf 85' lang='lat' dir='ltr'><strong>born</strong></span> <span class='ocrx_word' id='word_1_168' title='bbox 901 2088 937 2120; x_wconf 88' lang='lat' dir='ltr'><strong>in</strong></span> <span class='ocrx_word' id='word_1_169' title='bbox 954 2088 1035 2120; x_wconf 79' lang='lat' dir='ltr'><strong>that</strong></span> <span class='ocrx_word' id='word_1_170' title='bbox 1052 2087 1185 2120; x_wconf 76' lang='lat' dir='ltr'><strong>mouth.</strong></span> <span class='ocrx_word' id='word_1_171' title='bbox 1542 2094 1544 2096; x_wconf 85' lang='lat'>&#39;</span> 
     </span>
    </p>
   </div>
   <div class='ocr_carea' id='block_1_8' title="bbox 350 2131 427 2171">
    <p class='ocr_par' dir='ltr' id='par_1_18' title="bbox 350 2131 427 2171">
     <span class='ocr_line' id='line_1_25' title="bbox 350 2131 427 2171; baseline 0.013 -1"><span class='ocrx_word' id='word_1_172' title='bbox 350 2131 427 2171; x_wconf 85' lang='lat'><strong>368</strong></span> 
     </span>
    </p>
   </div>
  </div>
 </body>
</html>
