1572 2378
50 403 126 430 Iliad
138 410 164 430 v.
178 403 228 428 428

558 157 785 196 MARCUS
823 154 1068 196 'rULLlUS
1108 157 1309 196 CICERO

329 246 462 285 aliena
499 248 647 285 nostris
683 246 887 285 aetatibus
925 250 969 284 et
1005 247 1162 284 incerto
1199 247 1311 284 exitu
1350 245 1460 292 belli,
1493 250 1537 284 et

330 315 468 351 nescio
487 325 567 364 quo
585 317 706 363 pacto
725 311 801 350 tibi
820 324 898 362 ego
917 324 1092 362 possum,
1111 309 1212 349 mihi
1230 315 1277 349 tu
1296 310 1444 350 dicere.

470 406 492 424 “
504 403 642 441 Τέκνον
660 401 760 452 ἐμόν,
781 401 823 439 οὔ
840 417 899 440 τοι
918 399 1064 439 δέδοται
1081 399 1271 451 πολεμήια
1289 399 1391 451 ἔργα,

465 469 568 507 ἀλλὰ
587 465 675 518 σύγ’
694 467 887 517 ἱμερόεντα
905 465 1084 518 μετέρχεο
1107 465 1198 517 ἔργα
1216 464 1387 517 λόγοιο.”

329 555 411 594 Sed
430 555 532 594 haee
551 554 632 593 fors
652 554 813 602 viderit,
841 567 890 592 ea
917 567 1021 605 quae
1049 553 1198 592 talibus
1226 555 1269 591 in
1296 553 1417 592 rebus
1445 553 1536 605 plus

329 635 450 673 quam
469 624 572 660 ratio
591 626 738 672 potest.
799 620 882 658 Nos
901 625 1039 658 autem
1061 619 1103 656 id
1123 618 1343 666 videamus,
1361 618 1471 670 quod
1493 621 1534 657 in

329 688 444 725 nobis
466 690 562 738 ipsis
586 699 674 724 esse
698 685 837 733 debet,
858 690 918 732 ut,
937 684 1131 736 quicquid
1149 683 1354 731 acciderit,
1374 683 1536 723 fortiter

329 758 372 792 et
382 755 589 804 sapienter
599 751 789 799 feramus,
804 757 847 790 et
861 751 1053 790 accidisse
1068 750 1298 789 hominibus
1309 753 1535 789 memineri-

328 832 431 866 mus,
449 831 604 870 nosque
623 831 715 856 cum
735 817 908 856 multum
929 816 1091 855 litterae
1111 821 1199 854 tum
1217 829 1302 855 non
1321 817 1534 855 minimum

330 884 427 923 Idus
464 897 625 936 quoque
664 883 837 921 Martiae
875 882 1146 921 consolentur.
1222 881 1390 933 Suscipe
1426 894 1535 921 nunc

329 963 461 989 meam
481 949 832 996 deliberationem,
847 962 926 1000 qua
944 947 1147 986 sollicitor.
1199 946 1263 986 lta
1280 947 1410 986 multa
1427 949 1536 987 veni-

329 1022 406 1055 unt
426 1019 469 1054 in
491 1020 675 1054 mentem
697 1018 741 1052 in
762 1019 976 1066 utramque
999 1019 1168 1064 partem.
1227 1012 1471 1062 Proficiscor,
1488 1018 1536 1053 ut

328 1084 632 1128 constitueram,
651 1080 811 1132 legatus
830 1082 873 1117 in
894 1079 1129 1117 Graeciam:
1157 1077 1292 1116 caedis
1306 1077 1534 1129 inpenden-

328 1150 381 1186 tis
403 1147 627 1198 periculum
649 1159 732 1184 non
755 1144 858 1183 nihil
877 1147 1005 1183 vitare
1027 1144 1179 1192 videor,
1201 1143 1273 1183 sed
1301 1156 1464 1182 casurus
1490 1146 1534 1182 in

271 1259 274 1261 Α
326 1213 503 1265 aliquam
522 1214 876 1263 vituperationem,
896 1210 1005 1262 quod
1032 1212 1091 1248 rei
1119 1209 1306 1261 publicae
1333 1208 1533 1248 defuerim

327 1285 412 1318 tam
445 1281 556 1329 gravi
587 1283 783 1329 tempore.
842 1276 913 1315 Sin
946 1281 1085 1314 autem
1117 1287 1315 1322 mansero,
1348 1273 1434 1313 fore
1466 1287 1533 1314 me

327 1344 492 1396 quidem
513 1343 631 1382 video
658 1345 700 1381 in
728 1342 974 1390 discrimine,
992 1340 1064 1380 sed
1093 1340 1278 1379 accidere
1304 1352 1422 1392 posse
1449 1353 1534 1380 sus-

328 1413 450 1462 picor,
482 1415 531 1448 ut
562 1408 753 1461 prodesse
790 1411 939 1459 possim
976 1409 1035 1445 rei
1071 1406 1269 1458 publicae.
1341 1404 1428 1444 Iam
1464 1405 1534 1444 illa

327 1476 493 1515 consilia
514 1478 670 1527 privata
693 1479 798 1521 sunt,
821 1473 930 1526 quod
953 1475 1086 1512 sentio
1105 1471 1222 1511 valde
1245 1484 1334 1511 esse
1356 1471 1461 1510 utile
1480 1471 1532 1510 ad

326 1541 671 1580 confirmationem
701 1540 904 1578 Ciceronis
931 1552 998 1577 me
1025 1538 1122 1577 illuc
1149 1540 1313 1584 venire;
1350 1550 1427 1577 nec
1455 1537 1533 1576 alia

325 1620 444 1645 causa
468 1607 729 1658 profectionis
750 1605 851 1643 mihi
874 1605 956 1644 ulla
978 1604 1057 1643 fuit
1078 1610 1179 1651 tum,
1200 1617 1292 1642 cum
1320 1602 1531 1642 consilium

325 1675 416 1724 cepi
436 1673 561 1722 legari
581 1686 605 1710 a
624 1672 803 1710 Caesare.
852 1670 956 1708 Tota
975 1672 1100 1721 igitur
1118 1669 1193 1707 hac
1208 1668 1261 1708 de
1276 1681 1333 1716 re,
1348 1673 1396 1707 ut
1413 1667 1531 1716 soles,

325 1742 358 1776 si
379 1738 477 1789 quid
495 1738 547 1776 ad
566 1750 632 1775 me
652 1739 857 1788 pertinere
878 1741 1010 1787 putas,
1029 1735 1237 1786 cogitabis.

383 1804 521 1842 Redeo
540 1816 648 1841 nunc
667 1802 718 1840 ad
739 1801 954 1853 epistulam
973 1806 1097 1839 tuam.
1146 1800 1295 1839 Scribis
1313 1801 1422 1838 enim
1441 1811 1530 1839 esse

326 1881 505 1907 rumores
530 1881 609 1915 me,
632 1867 684 1905 ad
709 1867 840 1904 lacum
864 1865 973 1917 quod
998 1864 1141 1912 habeo,
1164 1863 1439 1912 venditurum,
1460 1866 1531 1902 mi-

324 1934 534 1973 nusculam
554 1947 648 1972 vero
667 1932 803 1971 villam
822 1931 978 1980 Quinto
997 1930 1241 1969 traditurum
1258 1929 1324 1968 vel
1347 1931 1530 1980 impenso

324 2003 469 2053 pretio,
484 2013 564 2051 quo
582 1998 876 2044 introducatur,
892 2002 938 2035 ut
957 1996 1033 2034 tibi
1048 1995 1227 2043 Quintus
1245 1993 1349 2032 filius
1367 1993 1530 2043 dixer-It,

321 2067 462 2105 dotata
483 2064 654 2117 Aquilia.
714 2063 802 2115 Ego
822 2076 916 2101 vero
935 2062 988 2100 de
1007 2061 1241 2100 venditione
1261 2059 1360 2098 nihil
1381 2062 1529 2111 cogito,

321 2148 402 2182 244
