1572 2378
60 1766 140 1807 Ser.
162 1780 205 1804 m
236 1766 330 1805 Tus-

60 1821 192 1860 calano
218 1821 252 1858 V

61 1881 123 1913 aut
144 1875 207 1913 IV
225 1875 274 1915 K.

64 1930 142 1969 Iun.
164 1943 199 1968 a.
225 1931 302 1970 710

583 155 808 195 MARCUS
846 155 919 194 TU
929 154 1091 193 LLlUS
1129 154 1330 193 CICERO

354 246 550 296 praesidia
568 250 665 283 sunt
684 247 726 282 in
740 249 803 283 tot
822 256 950 283 annos
969 246 1136 295 provisa.
1180 242 1329 282 Brutus
1344 248 1388 281 et
1402 242 1560 281 Cassius

353 314 520 359 utinam,
536 324 656 363 quam
675 309 794 348 facile
814 323 838 347 a
857 315 899 348 te
919 309 971 347 de
991 322 1058 347 me
1073 312 1292 360 impetrare
1305 312 1489 360 possunt,
1501 309 1561 347 ita

352 389 425 428 per
443 382 486 415 te
506 380 736 422 exorentur,
756 388 809 413 ne
829 373 937 426 quod
965 373 1132 412 calidius
1158 376 1300 412 ineant
1325 372 1559 412 consilium!

352 441 556 480 Cedentes
586 444 696 480 enim
726 441 827 479 haec
855 443 913 478 ais
941 442 1282 491 scripsisse-quo
1307 443 1381 478 aut
1407 439 1559 492 quare?

355 508 516 555 Retine,
537 508 704 546 obsecro
732 512 789 554 te,
813 506 964 553 Cicero,
989 505 1090 553 illos,
1115 511 1159 544 et
1187 504 1270 542 noli
1298 507 1431 543 sinere
1459 503 1560 544 haec

351 576 487 612 omnia
517 575 664 624 perire,
696 585 800 624 quae
837 570 1022 609 funditus
1055 571 1214 609 medius
1246 569 1364 609 fidius
1397 572 1560 622 rapinis,

351 639 564 686 incendiis,
593 638 783 676 caedibus
817 641 1116 688 pervertuntur.
1175 636 1365 683 Tantum,
1398 639 1432 674 si
1462 635 1560 688 quid

351 708 514 752 timent,
552 708 734 750 caveant,
772 702 874 740 nihil
912 707 1124 753 praeterea
1160 702 1390 741 moliantur.
1415 725 1423 733 ·
1466 701 1559 740 Non

351 771 508 809 medius
546 770 663 808 fidius
700 771 903 807 acerrimis
937 768 1112 806 consiliis
1150 767 1241 819 plus
1278 781 1399 820 quam
1436 770 1560 807 etiam

351 838 616 882 inertissimis,
650 834 748 873 dum
780 834 902 872 modo
934 833 1214 884 diligentibus,
1247 837 1558 885 consequentur.

354 903 468 940 Haec
497 904 619 948 enim,
639 914 742 952 quae
772 900 915 946 fluunt,
936 913 1009 951 per
1037 912 1080 938 se
1110 899 1302 938 diuturna
1329 912 1412 937 non
1440 904 1560 946 sunt3

350 970 391 1005 in
411 969 676 1005 contentione
695 971 931 1017 praesentes
951 964 1002 1002 ad
1022 964 1252 1003 nocendum
1272 964 1427 1003 habent
1441 966 1558 1004 vires.

349 1032 459 1080 Quid
478 1045 615 1083 speres
636 1032 687 1069 de
709 1031 799 1078 illis,
819 1035 862 1068 in
881 1030 1154 1069 Tusculanum
1174 1029 1226 1068 ad
1245 1043 1311 1069 me
1330 1029 1498 1069 scribe.''

405 1099 545 1136 Habes
569 1098 678 1135 Hirti
699 1096 925 1148 epistulam.
985 1095 1058 1134 Cui
1078 1098 1262 1147 rescripsi
1283 1095 1341 1133 nil
1361 1095 1450 1134 illos
1469 1095 1559 1134 cali-

348 1164 438 1203 dius
467 1166 646 1214 cogitare
674 1163 798 1213 idque
827 1162 1068 1199 confirmavi.
1130 1161 1234 1208 Hoc,
1263 1160 1557 1213 qualecumque

349 1235 470 1276 esset,
491 1235 532 1267 te
553 1232 653 1267 scire
675 1228 793 1266 volui.

404 1294 631 1345 Obsignata
669 1297 747 1331 iam
786 1293 933 1331 Balbus
967 1292 1016 1330 ad
1051 1305 1116 1330 me
1150 1291 1359 1330 Serviliam
1392 1290 1558 1338 redisse,

350 1359 584 1397 confirmare
623 1371 704 1397 non
742 1358 997 1397 discessuros.
1067 1357 1186 1395 Nunc
1225 1362 1417 1408 exspecto
1453 1369 1478 1395 a
1514 1362 1556 1396 te

349 1426 517 1465 litteras.

909 1590 988 1628 VII

740 1686 882 1713 clei-:no
913 1685 1054 1711 ATTICO
1083 1684 1160 1709 SAL.

403 1759 590 1805 Gratum,
623 1757 730 1809 quod
764 1756 863 1794 mihi
898 1753 1116 1806 epistulas3
1154 1766 1257 1804 quae
1289 1751 1455 1804 quidem
1487 1766 1554 1791 me

349 1826 619 1871 delectarunt,
647 1826 690 1861 in
718 1825 856 1874 primis
885 1821 998 1860 Sexti
1027 1822 1165 1858 nostri.
1239 1818 1384 1856 Dices:
1424 1820 1555 1870 “quia

348 1898 390 1931 te
410 1889 586 1929 laudat.''
647 1888 750 1927 Puto
778 1885 1011 1925 mehercule
1040 1885 1081 1923 id
1109 1897 1270 1936 quoque
1290 1896 1378 1922 esse
1397 1896 1552 1931 causae,

347 1957 418 1995 sed
456 1962 607 2002 tamen,
642 1957 765 1992 etiam
803 1958 1022 2004 antequam
1054 1950 1106 1988 ad
1144 1963 1238 1988 eum
1274 1949 1408 1987 locum
1445 1950 1552 1996 veni,

344 2023 460 2060 valde
491 2021 590 2058 mihi
619 2020 806 2071 placebat
835 2031 926 2056 eum
956 2029 1095 2055 sensus
1125 2018 1209 2053 eius
1238 2014 1290 2052 de
1320 2026 1362 2052 re
1391 2012 1551 2064 publica

342 2094 429 2127 tum
461 2099 590 2138 genus
620 2083 832 2124 scribendi.
891 2083 1050 2122 Servius
1078 2093 1174 2119 vero
1203 2078 1430 2132 pacificator
1458 2091 1548 2117 cum

345 2147 422 2181 814
