1572 2378
64 457 142 494 Scr.
167 455 206 493 in
237 454 331 492 Tus-

63 510 195 549 culano
212 511 308 548 inter

66 566 145 603 XV
162 570 195 603 et
215 565 283 603 XI

67 621 113 658 K.
143 619 267 663 Quint.
293 633 328 658 a.

68 676 143 715 710

583 159 808 197 MARCUS
847 159 1092 198 TULLIUS
1130 159 1331 198 CICERO

915 298 993 335 XX

745 391 884 417 CICERO
916 391 1055 416 ATTICO
1083 390 1159 416 SAL.

404 461 483 512 Egi
501 464 650 513 gratias
670 461 887 506 Vettien03
917 460 1018 498 nihil
1037 463 1147 498 enim
1165 463 1301 512 potuit
1326 461 1550 501 humanius.

353 516 589 554 Dolabellae
618 516 808 553 mandata
836 518 918 553 sint
945 515 1166 566 quaelibet,
1183 515 1284 554 mihi
1304 515 1470 567 aliquid,
1488 515 1552 556 vel

350 570 458 622 quod
490 571 630 608 Niciae
659 573 857 609 nuntiem.
917 570 1018 617 Quis
1046 572 1156 607 enim
1186 569 1300 617 haec,
1327 575 1374 609 ut
1399 571 1552 619 scribis,

350 627 493 675 ἀντερεῖ
503 626 544 662 ¹?
590 625 627 661 N
629 638 708 663 unc
723 625 909 662 dubitare
924 637 1168 676 quemquam
1183 623 1441 675 prudentem,
1455 627 1552 677 quin

349 692 464 717 meus
509 679 708 717 discessus
753 679 1047 729 desperationis
1088 681 1155 726 sit,
1190 692 1274 717 non
1310 678 1551 730 legationis?

349 733 471 780 Quod
499 736 556 772 ais
585 739 768 771 extrema
795 733 994 784 quaedam
1016 736 1095 770 iam
1114 733 1299 772 homines
1317 733 1371 772 de
1387 746 1433 772 re
1451 735 1552 786 pub-

349 788 425 825 lica
454 788 564 839 loqui
593 793 637 826 et
666 801 734 825 eos
764 788 927 839 quidem
960 790 1063 825 viros
1091 788 1229 835 bonos,
1258 800 1347 839 ego,
1375 801 1456 839 quo
1483 787 1551 827 die

345 843 481 880 audivi
523 842 637 880 illum
678 848 896 893 tyrannum
935 844 977 879 in
1017 844 1207 880 contione
1253 841 1550 881 “clarissimum

346 896 510 934 virum'’
549 896 758 947 appellari,
796 896 1052 934 subdiffidere
1090 898 1217 947 coepi.
1276 895 1421 936 Postea
1456 909 1551 937 vero

345 964 467 1002 quam
486 956 624 989 tecum
645 951 800 988 Lanuvi
819 951 900 988 vidi
920 956 1078 989 nostros
1097 956 1259 989 tantum
1287 953 1374 1002 spei
1402 950 1551 991 habere

345 1005 396 1043 ad
416 1005 647 1052 vivendum,
667 1010 864 1056 quantum
890 1008 1142 1055 accepissent
1168 1006 1220 1043 ab
1250 1005 1442 1053 Antonio,
1459 1004 1550 1045 des-

346 1062 493 1109 peravi.
553 1059 710 1111 Itaque,
735 1062 792 1097 mi
821 1060 961 1098 Attice
988 1059 1168 1111 (fortiter
1196 1059 1272 1097 hoc
1300 1060 1421 1098 velim
1448 1062 1551 1098 aeci-

345 1116 444 1164 pias,
464 1119 511 1152 ut
530 1127 607 1165 ego
627 1112 788 1166 scribo),
818 1127 947 1165 genus
966 1114 1067 1152 illud
1086 1116 1289 1161 interitus,
1307 1127 1389 1165 quo
1407 1127 1549 1154 causae

344 1168 511 1206 cursus2
542 1174 618 1215 est,
647 1168 813 1206 foedum
842 1168 1009 1215 ducens,
1042 1173 1086 1206 et
1118 1171 1231 1219 quasi
1264 1168 1548 1208 denuntiatum

345 1223 460 1261 nobis
479 1223 529 1260 ab
550 1223 743 1270 Antonio,
764 1236 814 1261 ex
834 1223 908 1260 hae
928 1236 1044 1261 nassa
1062 1225 1173 1260 exire
1193 1225 1384 1261 constitui
1402 1236 1486 1262 non
1498 1223 1549 1262 ad

344 1277 496 1327 fugam,
526 1277 598 1315 sed
628 1277 679 1315 ad
709 1290 824 1328 spem
853 1279 993 1315 mortis
1025 1276 1211 1316 melioris.
1273 1277 1389 1316 Haec
1421 1281 1549 1316 omnis

344 1331 463 1382 culpa
483 1331 609 1370 Bruti.

399 1386 635 1436 Pompeium
659 1385 842 1423 Carteiae
868 1391 1078 1435 receptum
1105 1386 1254 1424 scribis.
1313 1385 1398 1424 Iam
1427 1388 1550 1437 igitur

342 1445 484 1478 contra
513 1439 622 1478 hunc
652 1443 886 1478 exereitum.
948 1440 1050 1478 Utra
1074 1453 1172 1491 ergo
1198 1441 1356 1479 castra?
1413 1440 1550 1479 Media

344 1497 454 1532 enim
473 1494 582 1533 tollit
597 1494 811 1532 Antonius.
858 1493 932 1531 Illa
951 1494 1119 1541 infirma,
1134 1493 1235 1532 haec
1250 1494 1413 1533 nefaria.
1461 1494 1549 1533 Pro-

344 1562 532 1599 peremus
560 1551 695 1599 igitur.
754 1548 835 1587 Sed
864 1551 956 1586 iuva
983 1561 1050 1586 me
1079 1549 1259 1596 consilio,
1281 1548 1548 1588 Brundisione

342 1617 395 1640 an
427 1603 615 1641 Puteolis.
675 1603 823 1641 Brutus
854 1603 1020 1654 quidem
1049 1604 1196 1650 subito,
1226 1603 1298 1641 sed
1331 1606 1546 1654 sapienter.

343 1659 492 1710 Πάσχω
506 1675 552 1697 τι.
589 1656 764 1704 Quando
779 1659 888 1695 enim
903 1656 1045 1695 illum?
1079 1657 1162 1696 Sed
1177 1657 1354 1695 humana
1365 1657 1545 1697 ferenda.

342 1711 403 1750 Tu
426 1714 514 1762 ipse
537 1725 630 1750 eum
654 1711 792 1749 videre
821 1725 902 1749 non
932 1716 1059 1762 potes.
1119 1711 1172 1748 Di
1201 1711 1260 1749 illi
1287 1717 1459 1760 mortuo,
1476 1714 1547 1764 qui

342 1779 533 1818 umquam
568 1765 837 1804 Buthrotum!
905 1765 987 1804 Sed
1019 1770 1110 1804 acta
1146 1768 1289 1811 missa3
1327 1766 1546 1814 videamus,

341 1833 444 1871 quae
463 1820 623 1871 agenda
641 1823 734 1859 sint.

381 1923 396 1944 ¹
418 1925 548 1966 ἀντερεῖ
575 1924 712 1966 Tyrrell
726 1936 734 1957 :
766 1927 897 1956 anteno
924 1924 1047 1957 MS&
1072 1924 1228 1957 λεπτύνει
1257 1923 1448 1958 Ονοπουίω
1472 1921 1546 1958 aad

338 1973 423 2001 most
439 1967 575 2000 editors.

381 2011 395 2031 ²
417 2022 543 2044 causae
572 2021 695 2043 cursus
725 2011 886 2052 Popma:
915 2021 1020 2044 causa
1046 2022 1168 2044 cursus
1194 2011 1246 2044 Z:
1270 2022 1440 2044 causurun
1463 2011 1541 2045 M¹=

337 2065 483 2088 casurus
508 2054 587 2088 M2:
615 2054 763 2088 Catulus
787 2065 870 2087 usus
894 2058 948 2087 est
969 2055 1127 2096 Madvig,
1152 2055 1261 2088 which
1283 2055 1374 2096 yivea
1394 2066 1419 2088 a
1441 2055 1544 2088 better

337 2109 429 2131 neme
448 2099 504 2131 bul
522 2098 552 2131 ia
567 2103 623 2131 noc
644 2109 725 2141 very
741 2108 827 2131 near
842 2098 896 2131 the
911 2099 1057 2140 reading]
1073 2099 1117 2140 os
1132 2098 1186 2132 the
1206 2099 1310 2132 MSS.

339 2146 416 2181 348
