<?xml version="1.0" encoding="UTF-8"?>
<!DOCTYPE html PUBLIC "-//W3C//DTD XHTML 1.0 Transitional//EN"
    "http://www.w3.org/TR/xhtml1/DTD/xhtml1-transitional.dtd">
<html xmlns="http://www.w3.org/1999/xhtml" xml:lang="en" lang="en">
 <head>
  <title>
</title>
<meta http-equiv="Content-Type" content="text/html;charset=utf-8" />
  <meta name='ocr-system' content='tesseract 3.04.00' />
  <meta name='ocr-capabilities' content='ocr_page ocr_carea ocr_par ocr_line ocrx_word'/>
</head>
<body>
  <div class='ocr_page' id='page_1' title='image "./letterstoatticuswins03ciceuoft_0316.png"; bbox 0 0 1572 2378; ppageno 0'>
   <div class='ocr_carea' id='block_1_1' title="bbox 538 157 1286 198">
    <p class='ocr_par' dir='ltr' id='par_1_1' title="bbox 538 157 1286 198">
     <span class='ocr_line' id='line_1_1' title="bbox 538 157 1286 198; baseline 0.004 -3"><span class='ocrx_word' id='word_1_1' title='bbox 538 157 764 197; x_wconf 89' lang='lat' dir='ltr'><strong>MARCUS</strong></span> <span class='ocrx_word' id='word_1_2' title='bbox 802 157 1047 197; x_wconf 88' lang='lat' dir='ltr'>TULL1US</span> <span class='ocrx_word' id='word_1_3' title='bbox 1085 158 1286 198; x_wconf 86' lang='lat' dir='ltr'>CICERO</span> 
     </span>
    </p>
   </div>
   <div class='ocr_carea' id='block_1_2' title="bbox 302 245 1512 1267">
    <p class='ocr_par' dir='ltr' id='par_1_2' title="bbox 302 245 1510 625">
     <span class='ocr_line' id='line_1_2' title="bbox 303 245 1509 298; baseline 0.002 -15"><span class='ocrx_word' id='word_1_4' title='bbox 303 247 389 283; x_wconf 90' lang='lat' dir='ltr'><strong>eius</strong></span> <span class='ocrx_word' id='word_1_5' title='bbox 411 251 626 297; x_wconf 83' lang='lat' dir='ltr'><strong>apparatus</strong></span> <span class='ocrx_word' id='word_1_6' title='bbox 647 250 690 283; x_wconf 87' lang='lat' dir='ltr'><strong>et</strong></span> <span class='ocrx_word' id='word_1_7' title='bbox 712 246 862 283; x_wconf 88' lang='lat' dir='ltr'><strong>Matius</strong></span> <span class='ocrx_word' id='word_1_8' title='bbox 885 258 931 283; x_wconf 89' lang='lat' dir='ltr'><strong>ac</strong></span> <span class='ocrx_word' id='word_1_9' title='bbox 957 245 1170 284; x_wconf 80' lang='lat' dir='ltr'><strong>Postumus</strong></span> <span class='ocrx_word' id='word_1_10' title='bbox 1197 245 1297 284; x_wconf 83' lang='lat' dir='ltr'><strong>mihi</strong></span> <span class='ocrx_word' id='word_1_11' title='bbox 1322 258 1509 298; x_wconf 82' lang='lat' dir='ltr'><strong>procura·</strong></span> 
     </span>
     <span class='ocr_line' id='line_1_3' title="bbox 302 307 1508 363; baseline 0.001 -14"><span class='ocrx_word' id='word_1_12' title='bbox 302 316 412 349; x_wconf 86' lang='lat' dir='ltr'><strong>tores</strong></span> <span class='ocrx_word' id='word_1_13' title='bbox 431 324 513 349; x_wconf 91' lang='lat' dir='ltr'><strong>non</strong></span> <span class='ocrx_word' id='word_1_14' title='bbox 533 311 698 362; x_wconf 88' lang='lat' dir='ltr'><strong>placent</strong></span> <span class='ocrx_word' id='word_1_15' title='bbox 711 307 725 357; x_wconf 50' lang='lat'><strong>;&#39;</strong></span> <span class='ocrx_word' id='word_1_16' title='bbox 751 311 922 349; x_wconf 85' lang='lat' dir='ltr'>Saserna</span> <span class='ocrx_word' id='word_1_17' title='bbox 941 311 1097 363; x_wconf 83' lang='lat' dir='ltr'><strong>collega</strong></span> <span class='ocrx_word' id='word_1_18' title='bbox 1116 312 1275 363; x_wconf 89' lang='lat' dir='ltr'><strong>dignus.</strong></span> <span class='ocrx_word' id='word_1_19' title='bbox 1332 311 1416 352; x_wconf 80' lang='lat' dir='ltr'><strong>Sed</strong></span> <span class='ocrx_word' id='word_1_20' title='bbox 1439 314 1508 352; x_wconf 84' lang='lat' dir='ltr'><strong>isti</strong></span> 
     </span>
     <span class='ocr_line' id='line_1_4' title="bbox 303 376 1508 428; baseline 0.002 -14"><span class='ocrx_word' id='word_1_21' title='bbox 303 389 458 424; x_wconf 89' lang='lat' dir='ltr'><strong>omnes,</strong></span> <span class='ocrx_word' id='word_1_22' title='bbox 487 390 610 428; x_wconf 89' lang='lat' dir='ltr'><strong>quem</strong></span> <span class='ocrx_word' id='word_1_23' title='bbox 641 376 693 414; x_wconf 90' lang='lat' dir='ltr'><strong>ad</strong></span> <span class='ocrx_word' id='word_1_24' title='bbox 726 376 891 415; x_wconf 89' lang='lat' dir='ltr'><strong>modum</strong></span> <span class='ocrx_word' id='word_1_25' title='bbox 926 380 1067 424; x_wconf 90' lang='lat' dir='ltr'><strong>sentis,</strong></span> <span class='ocrx_word' id='word_1_26' title='bbox 1100 391 1183 415; x_wconf 89' lang='lat' dir='ltr'><strong>non</strong></span> <span class='ocrx_word' id='word_1_27' title='bbox 1214 379 1350 416; x_wconf 81' lang='lat' dir='ltr'><strong>minus</strong></span> <span class='ocrx_word' id='word_1_28' title='bbox 1380 379 1508 417; x_wconf 82' lang='lat' dir='ltr'><strong>otium</strong></span> 
     </span>
     <span class='ocr_line' id='line_1_5' title="bbox 302 441 1510 496; baseline 0.002 -16"><span class='ocrx_word' id='word_1_29' title='bbox 302 444 453 480; x_wconf 84' lang='lat' dir='ltr'><strong>timent</strong></span> <span class='ocrx_word' id='word_1_30' title='bbox 480 455 600 494; x_wconf 81' lang='lat' dir='ltr'><strong>quam</strong></span> <span class='ocrx_word' id='word_1_31' title='bbox 629 455 703 480; x_wconf 92' lang='lat' dir='ltr'><strong>nos</strong></span> <span class='ocrx_word' id='word_1_32' title='bbox 730 455 852 480; x_wconf 82' lang='lat' dir='ltr'><strong>arma.</strong></span> <span class='ocrx_word' id='word_1_33' title='bbox 911 441 1081 480; x_wconf 81' lang='lat' dir='ltr'><strong>Balbum</strong></span> <span class='ocrx_word' id='word_1_34' title='bbox 1110 442 1235 481; x_wconf 83' lang='lat' dir='ltr'><strong>levari</strong></span> <span class='ocrx_word' id='word_1_35' title='bbox 1261 442 1413 482; x_wconf 74' lang='lat' dir='ltr'><strong>invidia</strong></span> <span class='ocrx_word' id='word_1_36' title='bbox 1435 456 1510 496; x_wconf 85' lang='lat' dir='ltr'><strong>per</strong></span> 
     </span>
     <span class='ocr_line' id='line_1_6' title="bbox 303 507 1506 558; baseline 0.002 -13"><span class='ocrx_word' id='word_1_37' title='bbox 303 521 376 546; x_wconf 91' lang='lat' dir='ltr'><strong>nos</strong></span> <span class='ocrx_word' id='word_1_38' title='bbox 395 507 529 555; x_wconf 89' lang='lat' dir='ltr'><strong>velim,</strong></span> <span class='ocrx_word' id='word_1_39' title='bbox 549 507 622 545; x_wconf 89' lang='lat' dir='ltr'><strong>sed</strong></span> <span class='ocrx_word' id='word_1_40' title='bbox 641 520 694 545; x_wconf 91' lang='lat' dir='ltr'><strong>ne</strong></span> <span class='ocrx_word' id='word_1_41' title='bbox 713 510 798 558; x_wconf 87' lang='lat' dir='ltr'><strong>ipse</strong></span> <span class='ocrx_word' id='word_1_42' title='bbox 818 507 984 558; x_wconf 87' lang='lat' dir='ltr'><strong>quidem</strong></span> <span class='ocrx_word' id='word_1_43' title='bbox 1008 507 1049 545; x_wconf 92' lang='lat' dir='ltr'><strong>id</strong></span> <span class='ocrx_word' id='word_1_44' title='bbox 1073 507 1158 546; x_wconf 87' lang='lat' dir='ltr'><strong>fieri</strong></span> <span class='ocrx_word' id='word_1_45' title='bbox 1186 520 1302 558; x_wconf 89' lang='lat' dir='ltr'><strong>posse</strong></span> <span class='ocrx_word' id='word_1_46' title='bbox 1330 507 1506 547; x_wconf 84' lang='lat' dir='ltr'><strong>confidit.</strong></span> 
     </span>
     <span class='ocr_line' id='line_1_7' title="bbox 306 573 728 625; baseline 0 -14"><span class='ocrx_word' id='word_1_47' title='bbox 306 574 449 625; x_wconf 87' lang='lat' dir='ltr'><strong>Itaque</strong></span> <span class='ocrx_word' id='word_1_48' title='bbox 467 573 546 611; x_wconf 86' lang='lat' dir='ltr'><strong>alia</strong></span> <span class='ocrx_word' id='word_1_49' title='bbox 565 577 728 623; x_wconf 82' lang='lat' dir='ltr'>cogitat.</span> 
     </span>
    </p>

    <p class='ocr_par' dir='ltr' id='par_1_3' title="bbox 302 638 1512 1267">
     <span class='ocr_line' id='line_1_8' title="bbox 358 638 1510 689; baseline 0 -12"><span class='ocrx_word' id='word_1_50' title='bbox 358 638 478 686; x_wconf 87' lang='lat' dir='ltr'><strong>Quod</strong></span> <span class='ocrx_word' id='word_1_51' title='bbox 516 641 644 689; x_wconf 87' lang='lat' dir='ltr'><strong>prima</strong></span> <span class='ocrx_word' id='word_1_52' title='bbox 680 638 903 689; x_wconf 86' lang='lat' dir='ltr'><strong>disputatio</strong></span> <span class='ocrx_word' id='word_1_53' title='bbox 939 638 1166 676; x_wconf 84' lang='lat' dir='ltr'><strong>Tusculana</strong></span> <span class='ocrx_word' id='word_1_54' title='bbox 1203 644 1247 677; x_wconf 86' lang='lat' dir='ltr'><strong>te</strong></span> <span class='ocrx_word' id='word_1_55' title='bbox 1288 639 1510 687; x_wconf 79' lang='lat' dir='ltr'><strong>confirmat,</strong></span> 
     </span>
     <span class='ocr_line' id='line_1_9' title="bbox 303 703 1510 755; baseline 0 -12"><span class='ocrx_word' id='word_1_56' title='bbox 303 718 400 743; x_wconf 86' lang='lat' dir='ltr'><strong>sane</strong></span> <span class='ocrx_word' id='word_1_57' title='bbox 419 704 602 755; x_wconf 85' lang='lat' dir='ltr'><strong>gaudeo;</strong></span> <span class='ocrx_word' id='word_1_58' title='bbox 633 717 767 755; x_wconf 88' lang='lat' dir='ltr'><strong>neque</strong></span> <span class='ocrx_word' id='word_1_59' title='bbox 797 706 907 742; x_wconf 89' lang='lat' dir='ltr'><strong>enim</strong></span> <span class='ocrx_word' id='word_1_60' title='bbox 936 703 1063 742; x_wconf 87' lang='lat' dir='ltr'><strong>ullum</strong></span> <span class='ocrx_word' id='word_1_61' title='bbox 1092 709 1156 742; x_wconf 89' lang='lat' dir='ltr'><strong>est</strong></span> <span class='ocrx_word' id='word_1_62' title='bbox 1183 703 1413 755; x_wconf 86' lang='lat' dir='ltr'>perfugium</span> <span class='ocrx_word' id='word_1_63' title='bbox 1439 710 1510 743; x_wconf 80' lang='lat' dir='ltr'><strong>aut</strong></span> 
     </span>
     <span class='ocr_line' id='line_1_10' title="bbox 303 769 1510 822; baseline 0.001 -14"><span class='ocrx_word' id='word_1_64' title='bbox 303 770 447 808; x_wconf 89' lang='lat' dir='ltr'><strong>melius</strong></span> <span class='ocrx_word' id='word_1_65' title='bbox 475 775 546 808; x_wconf 88' lang='lat' dir='ltr'><strong>aut</strong></span> <span class='ocrx_word' id='word_1_66' title='bbox 573 772 762 820; x_wconf 81' lang='lat' dir='ltr'><strong>paratius.</strong></span> <span class='ocrx_word' id='word_1_67' title='bbox 840 769 1020 807; x_wconf 86' lang='lat' dir='ltr'><strong>Flamma</strong></span> <span class='ocrx_word' id='word_1_68' title='bbox 1046 769 1156 820; x_wconf 90' lang='lat' dir='ltr'><strong>quod</strong></span> <span class='ocrx_word' id='word_1_69' title='bbox 1185 770 1292 808; x_wconf 90' lang='lat' dir='ltr'><strong>bene</strong></span> <span class='ocrx_word' id='word_1_70' title='bbox 1319 769 1510 822; x_wconf 85' lang='lat' dir='ltr'><strong>loquitur,</strong></span> 
     </span>
     <span class='ocr_line' id='line_1_11' title="bbox 304 834 1510 888; baseline 0.002 -16"><span class='ocrx_word' id='word_1_71' title='bbox 304 848 385 872; x_wconf 89' lang='lat' dir='ltr'><strong>non</strong></span> <span class='ocrx_word' id='word_1_72' title='bbox 418 834 590 873; x_wconf 82' lang='lat' dir='ltr'><strong>moleste</strong></span> <span class='ocrx_word' id='word_1_73' title='bbox 623 834 720 873; x_wconf 84' lang='lat' dir='ltr'><strong>fero.</strong></span> <span class='ocrx_word' id='word_1_74' title='bbox 785 834 1152 886; x_wconf 82' lang='lat' dir='ltr'><strong>Tyndaritanorum</strong></span> <span class='ocrx_word' id='word_1_75' title='bbox 1185 849 1315 880; x_wconf 87' lang='lat' dir='ltr'><strong>causa,</strong></span> <span class='ocrx_word' id='word_1_76' title='bbox 1348 835 1402 874; x_wconf 86' lang='lat' dir='ltr'><strong>de</strong></span> <span class='ocrx_word' id='word_1_77' title='bbox 1431 849 1510 888; x_wconf 81' lang='lat' dir='ltr'><strong>qua</strong></span> 
     </span>
     <span class='ocr_line' id='line_1_12' title="bbox 304 900 1508 951; baseline 0.002 -13"><span class='ocrx_word' id='word_1_78' title='bbox 304 914 422 938; x_wconf 84' lang='lat' dir='ltr'><strong>causa</strong></span> <span class='ocrx_word' id='word_1_79' title='bbox 454 900 623 947; x_wconf 84' lang='lat' dir='ltr'><strong>laborat,</strong></span> <span class='ocrx_word' id='word_1_80' title='bbox 654 913 757 951; x_wconf 80' lang='lat' dir='ltr'><strong>quae</strong></span> <span class='ocrx_word' id='word_1_81' title='bbox 789 902 855 947; x_wconf 88' lang='lat' dir='ltr'><strong>sit,</strong></span> <span class='ocrx_word' id='word_1_82' title='bbox 888 902 1040 951; x_wconf 89' lang='lat' dir='ltr'><strong>ignoro.</strong></span> <span class='ocrx_word' id='word_1_83' title='bbox 1111 900 1200 938; x_wconf 91' lang='lat' dir='ltr'><strong>Hos</strong></span> <span class='ocrx_word' id='word_1_84' title='bbox 1229 906 1368 939; x_wconf 84' lang='lat' dir='ltr'><strong>tamen</strong></span> <span class='ocrx_word' id='word_1_85' title='bbox 1398 930 1408 940; x_wconf 87' lang='lat'><strong>.</strong></span> <span class='ocrx_word' id='word_1_86' title='bbox 1440 930 1450 940; x_wconf 89' lang='lat'><strong>.</strong></span> <span class='ocrx_word' id='word_1_87' title='bbox 1484 901 1508 940; x_wconf 79' lang='lat'><strong>,¹</strong></span> 
     </span>
     <span class='ocr_line' id='line_1_13' title="bbox 305 964 1512 1018; baseline 0 -14"><span class='ocrx_word' id='word_1_88' title='bbox 305 967 560 1005; x_wconf 81' lang='grc' dir='ltr'>Πεντέλοιπον</span> <span class='ocrx_word' id='word_1_89' title='bbox 587 978 750 1003; x_wconf 88' lang='lat' dir='ltr'><strong>movere</strong></span> <span class='ocrx_word' id='word_1_90' title='bbox 779 968 855 1002; x_wconf 87' lang='lat' dir='ltr'><strong>ista</strong></span> <span class='ocrx_word' id='word_1_91' title='bbox 884 964 1087 1012; x_wconf 87' lang='lat' dir='ltr'><strong>videntur,</strong></span> <span class='ocrx_word' id='word_1_92' title='bbox 1106 968 1148 1002; x_wconf 89' lang='lat' dir='ltr'><strong>in</strong></span> <span class='ocrx_word' id='word_1_93' title='bbox 1168 968 1307 1016; x_wconf 88' lang='lat' dir='ltr'><strong>primis</strong></span> <span class='ocrx_word' id='word_1_94' title='bbox 1331 969 1512 1018; x_wconf 73' lang='lat' dir='ltr'><strong>erogatio</strong></span> 
     </span>
     <span class='ocr_line' id='line_1_14' title="bbox 304 1030 1511 1083; baseline 0.002 -15"><span class='ocrx_word' id='word_1_95' title='bbox 304 1034 511 1082; x_wconf 89' lang='lat' dir='ltr'><strong>pecuniae.</strong></span> <span class='ocrx_word' id='word_1_96' title='bbox 575 1031 640 1068; x_wconf 88' lang='lat' dir='ltr'><strong>De</strong></span> <span class='ocrx_word' id='word_1_97' title='bbox 673 1031 874 1069; x_wconf 87' lang='lat' dir='ltr'><strong>Alexione</strong></span> <span class='ocrx_word' id='word_1_98' title='bbox 906 1030 1039 1078; x_wconf 85' lang='lat' dir='ltr'><strong>doleo,</strong></span> <span class='ocrx_word' id='word_1_99' title='bbox 1071 1030 1158 1078; x_wconf 86' lang='lat' dir='ltr'><strong>sed,</strong></span> <span class='ocrx_word' id='word_1_100' title='bbox 1193 1034 1382 1083; x_wconf 80' lang='lat' dir='ltr'><strong>quoniam</strong></span> <span class='ocrx_word' id='word_1_101' title='bbox 1413 1033 1511 1070; x_wconf 87' lang='lat' dir='ltr'><strong>inci-</strong></span> 
     </span>
     <span class='ocr_line' id='line_1_15' title="bbox 303 1096 1512 1147; baseline 0.001 -13"><span class='ocrx_word' id='word_1_102' title='bbox 303 1097 421 1135; x_wconf 85' lang='lat' dir='ltr'><strong>derat</strong></span> <span class='ocrx_word' id='word_1_103' title='bbox 448 1100 490 1134; x_wconf 88' lang='lat' dir='ltr'><strong>in</strong></span> <span class='ocrx_word' id='word_1_104' title='bbox 518 1102 603 1135; x_wconf 87' lang='lat' dir='ltr'><strong>tam</strong></span> <span class='ocrx_word' id='word_1_105' title='bbox 631 1109 797 1147; x_wconf 87' lang='lat' dir='ltr'><strong>gravem</strong></span> <span class='ocrx_word' id='word_1_106' title='bbox 824 1097 1023 1141; x_wconf 88' lang='lat' dir='ltr'><strong>morbum,</strong></span> <span class='ocrx_word' id='word_1_107' title='bbox 1048 1096 1153 1134; x_wconf 91' lang='lat' dir='ltr'><strong>bene</strong></span> <span class='ocrx_word' id='word_1_108' title='bbox 1176 1102 1313 1135; x_wconf 85' lang='lat' dir='ltr'><strong>actum</strong></span> <span class='ocrx_word' id='word_1_109' title='bbox 1332 1097 1512 1136; x_wconf 84' lang='lat' dir='ltr'><strong>cumino</strong></span> 
     </span>
     <span class='ocr_line' id='line_1_16' title="bbox 302 1161 1510 1209; baseline 0.002 -10"><span class='ocrx_word' id='word_1_110' title='bbox 302 1164 483 1200; x_wconf 81' lang='lat' dir='ltr'><strong>arbitror.</strong></span> <span class='ocrx_word' id='word_1_111' title='bbox 543 1161 655 1209; x_wconf 86' lang='lat' dir='ltr'><strong>Quos</strong></span> <span class='ocrx_word' id='word_1_112' title='bbox 684 1168 822 1199; x_wconf 88' lang='lat' dir='ltr'><strong>tamen</strong></span> <span class='ocrx_word' id='word_1_113' title='bbox 846 1162 1045 1200; x_wconf 82' lang='lat' dir='ltr'><strong>secundos</strong></span> <span class='ocrx_word' id='word_1_114' title='bbox 1065 1161 1252 1208; x_wconf 87' lang='lat' dir='ltr'><strong>heredes,</strong></span> <span class='ocrx_word' id='word_1_115' title='bbox 1269 1165 1372 1200; x_wconf 85' lang='lat' dir='ltr'><strong>scire</strong></span> <span class='ocrx_word' id='word_1_116' title='bbox 1390 1162 1510 1201; x_wconf 86' lang='lat' dir='ltr'><strong>velim</strong></span> 
     </span>
     <span class='ocr_line' id='line_1_17' title="bbox 303 1228 747 1267; baseline -0.002 -1"><span class='ocrx_word' id='word_1_117' title='bbox 303 1233 348 1267; x_wconf 87' lang='lat' dir='ltr'><strong>et</strong></span> <span class='ocrx_word' id='word_1_118' title='bbox 367 1228 475 1266; x_wconf 87' lang='lat' dir='ltr'><strong>diem</strong></span> <span class='ocrx_word' id='word_1_119' title='bbox 497 1230 747 1266; x_wconf 78' lang='lat' dir='ltr'><strong>testamenti.</strong></span> 
     </span>
    </p>
   </div>
   <div class='ocr_carea' id='block_1_3' title="bbox 873 1430 935 1468">
    <p class='ocr_par' dir='ltr' id='par_1_4' title="bbox 873 1430 935 1468">
     <span class='ocr_line' id='line_1_18' title="bbox 873 1430 935 1468; baseline -0.016 0"><span class='ocrx_word' id='word_1_120' title='bbox 873 1430 935 1468; x_wconf 90' lang='lat'><strong>111</strong></span> 
     </span>
    </p>
   </div>
   <div class='ocr_carea' id='block_1_4' title="bbox 700 1532 1117 1558">
    <p class='ocr_par' dir='ltr' id='par_1_5' title="bbox 700 1532 1117 1558">
     <span class='ocr_line' id='line_1_19' title="bbox 700 1532 1117 1558; baseline -0.005 0"><span class='ocrx_word' id='word_1_121' title='bbox 700 1533 839 1558; x_wconf 74' lang='lat' dir='ltr'>CICERO</span> <span class='ocrx_word' id='word_1_122' title='bbox 869 1532 1010 1556; x_wconf 70' lang='lat' dir='ltr'><strong>A&#39;r‘rlco</strong></span> <span class='ocrx_word' id='word_1_123' title='bbox 1039 1532 1117 1557; x_wconf 76' lang='lat' dir='ltr'><strong>SAL.</strong></span> 
     </span>
    </p>
   </div>
   <div class='ocr_carea' id='block_1_5' title="bbox 19 1606 1511 1986">
    <p class='ocr_par' dir='ltr' id='par_1_6' title="bbox 19 1606 1511 1986">
     <span class='ocr_line' id='line_1_20' title="bbox 19 1606 1510 1658; baseline -0.003 -8"><span class='ocrx_word' id='word_1_124' title='bbox 19 1615 96 1654; x_wconf 84' lang='lat' dir='ltr'><strong>Scr.</strong></span> <span class='ocrx_word' id='word_1_125' title='bbox 117 1615 156 1653; x_wconf 80' lang='lat' dir='ltr'><strong>in</strong></span> <span class='ocrx_word' id='word_1_126' title='bbox 360 1610 588 1649; x_wconf 88' lang='lat' dir='ltr'><strong>Undecimo</strong></span> <span class='ocrx_word' id='word_1_127' title='bbox 620 1608 707 1646; x_wconf 90' lang='lat' dir='ltr'><strong>Kal.</strong></span> <span class='ocrx_word' id='word_1_128' title='bbox 739 1609 876 1658; x_wconf 88' lang='lat' dir='ltr'><strong>accepi</strong></span> <span class='ocrx_word' id='word_1_129' title='bbox 905 1610 945 1644; x_wconf 90' lang='lat' dir='ltr'><strong>in</strong></span> <span class='ocrx_word' id='word_1_130' title='bbox 976 1607 1162 1658; x_wconf 85' lang='lat' dir='ltr'><strong>Arpinati</strong></span> <span class='ocrx_word' id='word_1_131' title='bbox 1191 1606 1290 1644; x_wconf 88' lang='lat' dir='ltr'><strong>duas</strong></span> <span class='ocrx_word' id='word_1_132' title='bbox 1318 1606 1510 1658; x_wconf 79' lang='lat' dir='ltr'><strong>epistulas</strong></span> 
     </span>
     <span class='ocr_line' id='line_1_21' title="bbox 21 1670 1511 1726; baseline -0.003 -11"><span class='ocrx_word' id='word_1_133' title='bbox 21 1670 195 1722; x_wconf 63' lang='lat' dir='ltr'><strong>Arpinati</strong></span> <span class='ocrx_word' id='word_1_134' title='bbox 227 1670 290 1707; x_wconf 84' lang='grc' dir='ltr'><strong>ΧΙ</strong></span> <span class='ocrx_word' id='word_1_135' title='bbox 303 1683 406 1721; x_wconf 75' lang='lat' dir='ltr'><strong>tuaS‚</strong></span> <span class='ocrx_word' id='word_1_136' title='bbox 445 1676 590 1726; x_wconf 90' lang='lat' dir='ltr'><strong>quibus</strong></span> <span class='ocrx_word' id='word_1_137' title='bbox 626 1674 782 1712; x_wconf 87' lang='lat' dir='ltr'><strong>duabus</strong></span> <span class='ocrx_word' id='word_1_138' title='bbox 823 1675 924 1710; x_wconf 91' lang='lat' dir='ltr'><strong>meis</strong></span> <span class='ocrx_word' id='word_1_139' title='bbox 966 1672 1221 1723; x_wconf 84' lang='lat' dir='ltr'><strong>respondisti.</strong></span> <span class='ocrx_word' id='word_1_140' title='bbox 1297 1671 1387 1710; x_wconf 80' lang='lat' dir='ltr'><strong>Una</strong></span> <span class='ocrx_word' id='word_1_141' title='bbox 1423 1677 1511 1711; x_wconf 78' lang='lat' dir='ltr'><strong>erat</strong></span> 
     </span>
     <span class='ocr_line' id='line_1_22' title="bbox 19 1724 1508 1788; baseline -0.003 -8"><span class='ocrx_word' id='word_1_142' title='bbox 19 1724 109 1762; x_wconf 68' lang='lat' dir='ltr'><em>Kal·</em></span> <span class='ocrx_word' id='word_1_143' title='bbox 136 1724 217 1763; x_wconf 72' lang='lat' dir='ltr'><em>Iun·</em></span> <span class='ocrx_word' id='word_1_144' title='bbox 249 1738 284 1763; x_wconf 72' lang='grc' dir='ltr'><strong>α·</strong></span> <span class='ocrx_word' id='word_1_145' title='bbox 305 1754 354 1779; x_wconf 86' lang='lat' dir='ltr'><strong>xv</strong></span> <span class='ocrx_word' id='word_1_146' title='bbox 377 1741 481 1788; x_wconf 67' lang='lat' dir='ltr'><strong>Kal„</strong></span> <span class='ocrx_word' id='word_1_147' title='bbox 498 1739 627 1778; x_wconf 84' lang='lat' dir='ltr'><strong>altera</strong></span> <span class='ocrx_word' id='word_1_148' title='bbox 646 1752 700 1776; x_wconf 81' lang='lat' dir='ltr'><strong>xii</strong></span> <span class='ocrx_word' id='word_1_149' title='bbox 721 1738 827 1776; x_wconf 86' lang='lat' dir='ltr'><strong>data.</strong></span> <span class='ocrx_word' id='word_1_150' title='bbox 888 1737 952 1775; x_wconf 86' lang='lat' dir='ltr'><strong>Ad</strong></span> <span class='ocrx_word' id='word_1_151' title='bbox 973 1739 1219 1788; x_wconf 85' lang='lat' dir='ltr'><strong>superiorem</strong></span> <span class='ocrx_word' id='word_1_152' title='bbox 1243 1739 1368 1787; x_wconf 82' lang='lat' dir='ltr'><strong>igitur</strong></span> <span class='ocrx_word' id='word_1_153' title='bbox 1387 1739 1508 1788; x_wconf 83' lang='lat' dir='ltr'><strong>prius.</strong></span> 
     </span>
     <span class='ocr_line' id='line_1_23' title="bbox 22 1779 1506 1853; baseline -0.002 -8"><span class='ocrx_word' id='word_1_154' title='bbox 22 1779 98 1816; x_wconf 73' lang='lat'><strong>710</strong></span> <span class='ocrx_word' id='word_1_155' title='bbox 305 1807 502 1844; x_wconf 88' lang='lat' dir='ltr'><strong>Accurres</strong></span> <span class='ocrx_word' id='word_1_156' title='bbox 530 1808 572 1842; x_wconf 91' lang='lat' dir='ltr'><strong>in</strong></span> <span class='ocrx_word' id='word_1_157' title='bbox 601 1804 888 1850; x_wconf 86' lang='lat' dir='ltr'><strong>Tusculanum,</strong></span> <span class='ocrx_word' id='word_1_158' title='bbox 913 1807 959 1840; x_wconf 88' lang='lat' dir='ltr'><strong>ut</strong></span> <span class='ocrx_word' id='word_1_159' title='bbox 984 1802 1123 1840; x_wconf 86' lang='lat' dir='ltr'><strong>scribis</strong></span> <span class='ocrx_word' id='word_1_160' title='bbox 1137 1815 1147 1847; x_wconf 93' lang='lat'>;</span> <span class='ocrx_word' id='word_1_161' title='bbox 1175 1815 1255 1853; x_wconf 88' lang='lat' dir='ltr'><strong>quo</strong></span> <span class='ocrx_word' id='word_1_162' title='bbox 1271 1806 1340 1840; x_wconf 86' lang='lat' dir='ltr'><strong>me</strong></span> <span class='ocrx_word' id='word_1_163' title='bbox 1360 1815 1396 1840; x_wconf 85' lang='lat' dir='ltr'><strong>vi</strong></span> <span class='ocrx_word' id='word_1_164' title='bbox 1421 1801 1506 1843; x_wconf 80' lang='lat' dir='ltr'><strong>Kal.</strong></span> 
     </span>
     <span class='ocr_line' id='line_1_24' title="bbox 304 1867 1509 1919; baseline -0.002 -9"><span class='ocrx_word' id='word_1_165' title='bbox 304 1877 520 1910; x_wconf 85' lang='lat' dir='ltr'><strong>venturum</strong></span> <span class='ocrx_word' id='word_1_166' title='bbox 553 1870 787 1908; x_wconf 85' lang='lat' dir='ltr'><strong>arbitrabar.</strong></span> <span class='ocrx_word' id='word_1_167' title='bbox 846 1867 967 1916; x_wconf 86' lang='lat' dir='ltr'><strong>Quod</strong></span> <span class='ocrx_word' id='word_1_168' title='bbox 1000 1869 1140 1906; x_wconf 87' lang='lat' dir='ltr'><strong>scribis</strong></span> <span class='ocrx_word' id='word_1_169' title='bbox 1173 1867 1397 1919; x_wconf 83' lang='lat' dir='ltr'><strong>parendum</strong></span> <span class='ocrx_word' id='word_1_170' title='bbox 1430 1870 1509 1907; x_wconf 83' lang='lat' dir='ltr'><strong>vic-</strong></span> 
     </span>
     <span class='ocr_line' id='line_1_25' title="bbox 301 1932 1494 1986; baseline -0.004 -10"><span class='ocrx_word' id='word_1_171' title='bbox 301 1938 468 1984; x_wconf 87' lang='lat' dir='ltr'><strong>toribus,</strong></span> <span class='ocrx_word' id='word_1_172' title='bbox 498 1949 579 1974; x_wconf 90' lang='lat' dir='ltr'><strong>non</strong></span> <span class='ocrx_word' id='word_1_173' title='bbox 613 1935 713 1973; x_wconf 88' lang='lat' dir='ltr'><strong>mihi</strong></span> <span class='ocrx_word' id='word_1_174' title='bbox 746 1933 924 1986; x_wconf 91' lang='lat' dir='ltr'><strong>quidem,</strong></span> <span class='ocrx_word' id='word_1_175' title='bbox 955 1936 1018 1971; x_wconf 91' lang='lat' dir='ltr'><strong>cui</strong></span> <span class='ocrx_word' id='word_1_176' title='bbox 1052 1938 1148 1971; x_wconf 89' lang='lat' dir='ltr'><strong>sunt</strong></span> <span class='ocrx_word' id='word_1_177' title='bbox 1180 1932 1308 1971; x_wconf 84' lang='lat' dir='ltr'><strong>multa</strong></span> <span class='ocrx_word' id='word_1_178' title='bbox 1341 1936 1494 1984; x_wconf 82' lang='lat' dir='ltr'><strong>potiora</strong></span> 
     </span>
    </p>
   </div>
   <div class='ocr_carea' id='block_1_6' title="bbox 302 2037 1508 2123">
    <p class='ocr_par' dir='ltr' id='par_1_7' title="bbox 302 2037 1508 2123">
     <span class='ocr_line' id='line_1_26' title="bbox 346 2037 1508 2079; baseline -0.002 -6"><span class='ocrx_word' id='word_1_179' title='bbox 346 2042 359 2062; x_wconf 82' lang='lat'><em>¹</em></span> <span class='ocrx_word' id='word_1_180' title='bbox 384 2041 447 2073; x_wconf 86' lang='lat' dir='ltr'><strong>hos</strong></span> <span class='ocrx_word' id='word_1_181' title='bbox 471 2045 590 2073; x_wconf 79' lang='lat' dir='ltr'><strong>tamen</strong></span> <span class='ocrx_word' id='word_1_182' title='bbox 614 2039 735 2078; x_wconf 65' lang='lat' dir='ltr'><strong>MSS„</strong></span> <span class='ocrx_word' id='word_1_183' title='bbox 753 2037 862 2071; x_wconf 77' lang='lat' dir='ltr'><strong>which</strong></span> <span class='ocrx_word' id='word_1_184' title='bbox 885 2048 968 2079; x_wconf 83' lang='lat' dir='ltr'><strong>may</strong></span> <span class='ocrx_word' id='word_1_185' title='bbox 991 2037 1026 2069; x_wconf 82' lang='lat' dir='ltr'><strong>be</strong></span> <span class='ocrx_word' id='word_1_186' title='bbox 1049 2048 1097 2070; x_wconf 85' lang='lat' dir='ltr'><strong>an</strong></span> <span class='ocrx_word' id='word_1_187' title='bbox 1119 2037 1340 2079; x_wconf 65' lang='lat' dir='ltr'><strong>aposiopesis,</strong></span> <span class='ocrx_word' id='word_1_188' title='bbox 1357 2048 1399 2070; x_wconf 84' lang='lat' dir='ltr'><strong>or</strong></span> <span class='ocrx_word' id='word_1_189' title='bbox 1419 2048 1508 2071; x_wconf 72' lang='lat' dir='ltr'><strong>come</strong></span> 
     </span>
     <span class='ocr_line' id='line_1_27' title="bbox 302 2081 1501 2123; baseline -0.003 -5"><span class='ocrx_word' id='word_1_190' title='bbox 302 2085 383 2118; x_wconf 71' lang='lat' dir='ltr'><strong>ench</strong></span> <span class='ocrx_word' id='word_1_191' title='bbox 399 2085 494 2117; x_wconf 84' lang='lat' dir='ltr'><strong>word</strong></span> <span class='ocrx_word' id='word_1_192' title='bbox 508 2095 548 2116; x_wconf 70' lang='lat' dir='ltr'><strong>aa</strong></span> <span class='ocrx_word' id='word_1_193' title='bbox 565 2082 754 2115; x_wconf 75' lang='lat' dir='ltr'><strong>defendam</strong></span> <span class='ocrx_word' id='word_1_194' title='bbox 770 2093 853 2123; x_wconf 84' lang='lat' dir='ltr'><strong>may</strong></span> <span class='ocrx_word' id='word_1_195' title='bbox 869 2081 905 2113; x_wconf 81' lang='lat' dir='ltr'><strong>be</strong></span> <span class='ocrx_word' id='word_1_196' title='bbox 922 2081 1061 2113; x_wconf 77' lang='lat' dir='ltr'><strong>omitted</strong></span> <span class='ocrx_word' id='word_1_197' title='bbox 1075 2094 1082 2113; x_wconf 89' lang='lat'>:</span> <span class='ocrx_word' id='word_1_198' title='bbox 1107 2091 1250 2113; x_wconf 81' lang='lat' dir='ltr'><strong>nuscum</strong></span> <span class='ocrx_word' id='word_1_199' title='bbox 1268 2086 1386 2114; x_wconf 77' lang='lat' dir='ltr'><strong>tamen</strong></span> <span class='ocrx_word' id='word_1_200' title='bbox 1403 2081 1501 2114; x_wconf 74' lang='lat' dir='ltr'><strong>Reid.</strong></span> 
     </span>
    </p>
   </div>
   <div class='ocr_carea' id='block_1_7' title="bbox 304 2140 382 2174">
    <p class='ocr_par' dir='ltr' id='par_1_8' title="bbox 304 2140 382 2174">
     <span class='ocr_line' id='line_1_28' title="bbox 304 2140 382 2174; baseline -0.013 0"><span class='ocrx_word' id='word_1_201' title='bbox 304 2140 382 2174; x_wconf 79' lang='lat'><strong>300</strong></span> 
     </span>
    </p>
   </div>
  </div>
 </body>
</html>
