<?xml version="1.0" encoding="UTF-8"?>
<!DOCTYPE html PUBLIC "-//W3C//DTD XHTML 1.0 Transitional//EN"
    "http://www.w3.org/TR/xhtml1/DTD/xhtml1-transitional.dtd">
<html xmlns="http://www.w3.org/1999/xhtml" xml:lang="en" lang="en">
 <head>
  <title>
</title>
<meta http-equiv="Content-Type" content="text/html;charset=utf-8" />
  <meta name='ocr-system' content='tesseract 3.04.00' />
  <meta name='ocr-capabilities' content='ocr_page ocr_carea ocr_par ocr_line ocrx_word'/>
</head>
<body>
  <div class='ocr_page' id='page_1' title='image "./letterstoatticuswins03ciceuoft/letterstoatticuswins03ciceuoft_0356.png"; bbox 0 0 1572 2378; ppageno 0'>
   <div class='ocr_carea' id='block_1_1' title="bbox 47 444 311 647">
    <p class='ocr_par' dir='ltr' id='par_1_1' title="bbox 47 444 311 647">
     <span class='ocr_line' id='line_1_1' title="bbox 48 444 185 483; baseline 0.022 -4"><span class='ocrx_word' id='word_1_1' title='bbox 48 446 125 483; x_wconf 79' lang='lat' dir='ltr'><strong>Sor.</strong></span> <span class='ocrx_word' id='word_1_2' title='bbox 146 444 185 482; x_wconf 74' lang='lat' dir='ltr'><strong>in</strong></span> 
     </span>
     <span class='ocr_line' id='line_1_2' title="bbox 49 498 282 537; baseline 0.004 -2"><span class='ocrx_word' id='word_1_3' title='bbox 49 499 193 537; x_wconf 81' lang='lat' dir='ltr'><em>Antiati</em></span> <span class='ocrx_word' id='word_1_4' title='bbox 211 498 282 536; x_wconf 91' lang='lat' dir='ltr'><strong>III</strong></span> 
     </span>
     <span class='ocr_line' id='line_1_3' title="bbox 47 553 311 605; baseline 0.004 -15"><span class='ocrx_word' id='word_1_5' title='bbox 47 559 110 590; x_wconf 83' lang='lat' dir='ltr'><strong>aut</strong></span> <span class='ocrx_word' id='word_1_6' title='bbox 127 553 230 605; x_wconf 82' lang='lat' dir='ltr'><strong><em>prid.</em></strong></span> <span class='ocrx_word' id='word_1_7' title='bbox 258 553 311 591; x_wconf 86' lang='lat' dir='ltr'><strong>Id.</strong></span> 
     </span>
     <span class='ocr_line' id='line_1_4' title="bbox 50 607 288 647; baseline 0.013 -4"><span class='ocrx_word' id='word_1_8' title='bbox 50 607 128 645; x_wconf 83' lang='lat' dir='ltr'><strong>Iun.</strong></span> <span class='ocrx_word' id='word_1_9' title='bbox 150 621 185 645; x_wconf 88' lang='lat' dir='ltr'><strong>a.</strong></span> <span class='ocrx_word' id='word_1_10' title='bbox 212 609 288 647; x_wconf 85' lang='lat'><strong>710</strong></span> 
     </span>
    </p>
   </div>
   <div class='ocr_carea' id='block_1_2' title="bbox 40 1136 308 1340">
    <p class='ocr_par' dir='ltr' id='par_1_2' title="bbox 40 1136 308 1340">
     <span class='ocr_line' id='line_1_5' title="bbox 42 1136 274 1175; baseline 0.004 -1"><span class='ocrx_word' id='word_1_11' title='bbox 42 1136 120 1175; x_wconf 88' lang='lat' dir='ltr'><strong>Scr.</strong></span> <span class='ocrx_word' id='word_1_12' title='bbox 141 1136 180 1175; x_wconf 77' lang='lat' dir='ltr'><strong>in</strong></span> <span class='ocrx_word' id='word_1_13' title='bbox 200 1138 274 1175; x_wconf 88' lang='lat' dir='ltr'><strong>Ar-</strong></span> 
     </span>
     <span class='ocr_line' id='line_1_6' title="bbox 40 1190 289 1242; baseline 0.004 -14"><span class='ocrx_word' id='word_1_14' title='bbox 40 1190 162 1242; x_wconf 76' lang='lat' dir='ltr'><strong>pinati</strong></span> <span class='ocrx_word' id='word_1_15' title='bbox 183 1191 289 1229; x_wconf 91' lang='lat' dir='ltr'><strong>XIV</strong></span> 
     </span>
     <span class='ocr_line' id='line_1_7' title="bbox 41 1245 308 1284; baseline 0.007 -2"><span class='ocrx_word' id='word_1_16' title='bbox 41 1249 105 1282; x_wconf 79' lang='lat' dir='ltr'><strong>aut</strong></span> <span class='ocrx_word' id='word_1_17' title='bbox 124 1245 238 1283; x_wconf 91' lang='lat' dir='ltr'><em>XIII</em></span> <span class='ocrx_word' id='word_1_18' title='bbox 259 1245 308 1284; x_wconf 90' lang='lat' dir='ltr'><strong>K.</strong></span> 
     </span>
     <span class='ocr_line' id='line_1_8' title="bbox 46 1298 284 1340; baseline 0.013 -5"><span class='ocrx_word' id='word_1_19' title='bbox 46 1298 123 1337; x_wconf 83' lang='lat' dir='ltr'><strong>Iun.</strong></span> <span class='ocrx_word' id='word_1_20' title='bbox 145 1313 181 1338; x_wconf 89' lang='lat' dir='ltr'><strong>a.</strong></span> <span class='ocrx_word' id='word_1_21' title='bbox 207 1301 284 1340; x_wconf 85' lang='lat'><strong>710</strong></span> 
     </span>
    </p>
   </div>
   <div class='ocr_carea' id='block_1_3' title="bbox 37 1807 173 1847">
    <p class='ocr_par' dir='ltr' id='par_1_3' title="bbox 37 1807 173 1847">
     <span class='ocr_line' id='line_1_9' title="bbox 37 1807 173 1847; baseline -0.015 -1"><span class='ocrx_word' id='word_1_22' title='bbox 37 1808 115 1847; x_wconf 83' lang='lat' dir='ltr'><strong>Ser.</strong></span> <span class='ocrx_word' id='word_1_23' title='bbox 137 1807 173 1845; x_wconf 79' lang='grc' dir='ltr'><strong>ἱη</strong></span> 
     </span>
    </p>
   </div>
   <div class='ocr_carea' id='block_1_4' title="bbox 37 1862 303 1956">
    <p class='ocr_par' dir='ltr' id='par_1_4' title="bbox 37 1862 303 1956">
     <span class='ocr_line' id='line_1_10' title="bbox 38 1862 303 1914; baseline 0.008 -15"><span class='ocrx_word' id='word_1_24' title='bbox 38 1862 180 1899; x_wconf 81' lang='lat' dir='ltr'><em>Antiati</em></span> <span class='ocrx_word' id='word_1_25' title='bbox 188 1869 303 1914; x_wconf 72' lang='grc' dir='ltr'><strong>ρας-ιν.</strong></span> 
     </span>
     <span class='ocr_line' id='line_1_11' title="bbox 37 1916 257 1956; baseline 0.014 -3"><span class='ocrx_word' id='word_1_26' title='bbox 37 1916 93 1954; x_wconf 86' lang='lat' dir='ltr'><strong>Id.</strong></span> <span class='ocrx_word' id='word_1_27' title='bbox 119 1916 199 1954; x_wconf 82' lang='lat' dir='ltr'><strong>Iun.</strong></span> <span class='ocrx_word' id='word_1_28' title='bbox 221 1930 257 1956; x_wconf 88' lang='grc' dir='ltr'><strong>α.</strong></span> 
     </span>
    </p>
   </div>
   <div class='ocr_carea' id='block_1_5' title="bbox 38 1971 115 2010">
    <p class='ocr_par' dir='ltr' id='par_1_5' title="bbox 38 1971 115 2010">
     <span class='ocr_line' id='line_1_12' title="bbox 38 1971 115 2010; baseline 0 -1"><span class='ocrx_word' id='word_1_29' title='bbox 38 1971 115 2010; x_wconf 82' lang='grc'><strong>710</strong></span> 
     </span>
    </p>
   </div>
   <div class='ocr_carea' id='block_1_6' title="bbox 559 163 1308 204">
    <p class='ocr_par' dir='ltr' id='par_1_6' title="bbox 559 163 1308 204">
     <span class='ocr_line' id='line_1_13' title="bbox 559 163 1308 204; baseline -0.003 0"><span class='ocrx_word' id='word_1_30' title='bbox 559 165 786 204; x_wconf 88' lang='lat' dir='ltr'>MARCUS</span> <span class='ocrx_word' id='word_1_31' title='bbox 824 164 1068 204; x_wconf 91' lang='lat' dir='ltr'>TULLIUS</span> <span class='ocrx_word' id='word_1_32' title='bbox 1108 163 1308 203; x_wconf 89' lang='lat' dir='ltr'>CICERO</span> 
     </span>
    </p>
   </div>
   <div class='ocr_carea' id='block_1_7' title="bbox 887 304 984 342">
    <p class='ocr_par' dir='ltr' id='par_1_7' title="bbox 887 304 984 342">
     <span class='ocr_line' id='line_1_14' title="bbox 887 304 984 342; baseline -0.01 0"><span class='ocrx_word' id='word_1_33' title='bbox 887 304 984 342; x_wconf 88' lang='lat' dir='ltr'><strong>XVI</strong></span> 
     </span>
    </p>
   </div>
   <div class='ocr_carea' id='block_1_8' title="bbox 728 386 1146 413">
    <p class='ocr_par' dir='ltr' id='par_1_8' title="bbox 728 386 1146 413">
     <span class='ocr_line' id='line_1_15' title="bbox 728 386 1146 413; baseline -0.005 0"><span class='ocrx_word' id='word_1_34' title='bbox 728 388 868 413; x_wconf 80' lang='lat' dir='ltr'>CICERO</span> <span class='ocrx_word' id='word_1_35' title='bbox 899 387 1040 412; x_wconf 74' lang='lat' dir='ltr'><strong>ATTlco</strong></span> <span class='ocrx_word' id='word_1_36' title='bbox 1068 386 1146 412; x_wconf 75' lang='lat' dir='ltr'><strong>SAL.</strong></span> 
     </span>
    </p>
   </div>
   <div class='ocr_carea' id='block_1_9' title="bbox 329 445 1540 879">
    <p class='ocr_par' dir='ltr' id='par_1_9' title="bbox 329 445 1540 879">
     <span class='ocr_line' id='line_1_16' title="bbox 386 445 1539 493; baseline -0.002 -8"><span class='ocrx_word' id='word_1_37' title='bbox 386 447 570 485; x_wconf 83' lang='lat' dir='ltr'><strong>Tandem</strong></span> <span class='ocrx_word' id='word_1_38' title='bbox 616 460 641 484; x_wconf 83' lang='lat' dir='ltr'><strong>a</strong></span> <span class='ocrx_word' id='word_1_39' title='bbox 687 446 881 484; x_wconf 80' lang='lat' dir='ltr'><strong>Cicerone</strong></span> <span class='ocrx_word' id='word_1_40' title='bbox 928 445 1176 493; x_wconf 81' lang='lat' dir='ltr'><strong>tabellarius,</strong></span> <span class='ocrx_word' id='word_1_41' title='bbox 1217 450 1262 484; x_wconf 83' lang='lat' dir='ltr'><strong>et</strong></span> <span class='ocrx_word' id='word_1_42' title='bbox 1306 445 1539 484; x_wconf 88' lang='lat' dir='ltr'><strong>mehercule</strong></span> 
     </span>
     <span class='ocr_line' id='line_1_17' title="bbox 331 498 1540 551; baseline 0.001 -12"><span class='ocrx_word' id='word_1_43' title='bbox 331 502 494 540; x_wconf 84' lang='lat' dir='ltr'><strong>litterae</strong></span> <span class='ocrx_word' id='word_1_44' title='bbox 526 501 784 550; x_wconf 86' lang='grc' dir='ltr'>πεπινωμένως</span> <span class='ocrx_word' id='word_1_45' title='bbox 815 503 1002 551; x_wconf 85' lang='lat' dir='ltr'><strong>scriptae,</strong></span> <span class='ocrx_word' id='word_1_46' title='bbox 1036 498 1144 550; x_wconf 90' lang='lat' dir='ltr'><strong>quod</strong></span> <span class='ocrx_word' id='word_1_47' title='bbox 1176 502 1308 550; x_wconf 88' lang='lat' dir='ltr'><strong>ipsum</strong></span> <span class='ocrx_word' id='word_1_48' title='bbox 1346 501 1540 551; x_wconf 81' lang='grc' dir='ltr'>προκοπὴν</span> 
     </span>
     <span class='ocr_line' id='line_1_18' title="bbox 331 553 1539 607; baseline 0 -14"><span class='ocrx_word' id='word_1_49' title='bbox 331 557 506 607; x_wconf 88' lang='lat' dir='ltr'><strong>aliquam</strong></span> <span class='ocrx_word' id='word_1_50' title='bbox 535 555 747 606; x_wconf 85' lang='lat' dir='ltr'><strong>significat,</strong></span> <span class='ocrx_word' id='word_1_51' title='bbox 766 557 948 606; x_wconf 84' lang='lat' dir='ltr'><strong>itemque</strong></span> <span class='ocrx_word' id='word_1_52' title='bbox 967 556 1093 592; x_wconf 81' lang='lat' dir='ltr'><strong>ceteri</strong></span> <span class='ocrx_word' id='word_1_53' title='bbox 1112 553 1317 604; x_wconf 86' lang='lat' dir='ltr'><strong>praeclara</strong></span> <span class='ocrx_word' id='word_1_54' title='bbox 1333 554 1517 593; x_wconf 86' lang='lat' dir='ltr'><strong>scribunt</strong></span> <span class='ocrx_word' id='word_1_55' title='bbox 1528 567 1539 600; x_wconf 90' lang='lat'>;</span> 
     </span>
     <span class='ocr_line' id='line_1_19' title="bbox 334 607 1539 655; baseline -0.001 -7"><span class='ocrx_word' id='word_1_56' title='bbox 334 610 535 648; x_wconf 90' lang='lat' dir='ltr'><strong>Leonides</strong></span> <span class='ocrx_word' id='word_1_57' title='bbox 553 616 693 647; x_wconf 86' lang='lat' dir='ltr'><strong>tamen</strong></span> <span class='ocrx_word' id='word_1_58' title='bbox 711 612 866 647; x_wconf 91' lang='lat' dir='ltr'><strong>retinet</strong></span> <span class='ocrx_word' id='word_1_59' title='bbox 884 621 1000 647; x_wconf 92' lang='lat' dir='ltr'><strong>suum</strong></span> <span class='ocrx_word' id='word_1_60' title='bbox 1021 607 1123 646; x_wconf 91' lang='lat' dir='ltr'><strong>illud</strong></span> <span class='ocrx_word' id='word_1_61' title='bbox 1145 611 1171 630; x_wconf 92' lang='lat'><em>“</em></span> <span class='ocrx_word' id='word_1_62' title='bbox 1180 607 1352 655; x_wconf 81' lang='lat' dir='ltr'><strong>adhue,”</strong></span> <span class='ocrx_word' id='word_1_63' title='bbox 1373 610 1539 647; x_wconf 84' lang='lat' dir='ltr'><strong>summis</strong></span> 
     </span>
     <span class='ocr_line' id='line_1_20' title="bbox 331 661 1538 714; baseline -0.001 -11"><span class='ocrx_word' id='word_1_64' title='bbox 331 677 426 703; x_wconf 90' lang='lat' dir='ltr'><strong>vero</strong></span> <span class='ocrx_word' id='word_1_65' title='bbox 457 663 644 702; x_wconf 84' lang='lat' dir='ltr'><strong>laudibus</strong></span> <span class='ocrx_word' id='word_1_66' title='bbox 679 663 877 702; x_wconf 88' lang='lat' dir='ltr'><strong>Herodes.</strong></span> <span class='ocrx_word' id='word_1_67' title='bbox 947 661 1057 710; x_wconf 89' lang='lat' dir='ltr'><strong>Quid</strong></span> <span class='ocrx_word' id='word_1_68' title='bbox 1089 663 1276 714; x_wconf 81' lang='lat' dir='ltr'><strong>quaeris?</strong></span> <span class='ocrx_word' id='word_1_69' title='bbox 1317 661 1383 700; x_wconf 88' lang='lat' dir='ltr'><strong>vel</strong></span> <span class='ocrx_word' id='word_1_70' title='bbox 1416 663 1538 702; x_wconf 81' lang='lat' dir='ltr'><strong>verba</strong></span> 
     </span>
     <span class='ocr_line' id='line_1_21' title="bbox 329 716 1537 768; baseline -0.001 -11"><span class='ocrx_word' id='word_1_71' title='bbox 329 719 431 757; x_wconf 89' lang='lat' dir='ltr'><strong>mihi</strong></span> <span class='ocrx_word' id='word_1_72' title='bbox 449 719 537 756; x_wconf 83' lang='lat' dir='ltr'><strong>dari</strong></span> <span class='ocrx_word' id='word_1_73' title='bbox 555 718 674 756; x_wconf 85' lang='lat' dir='ltr'><strong>facile</strong></span> <span class='ocrx_word' id='word_1_74' title='bbox 694 720 825 768; x_wconf 88' lang='lat' dir='ltr'><strong>patior</strong></span> <span class='ocrx_word' id='word_1_75' title='bbox 839 720 881 755; x_wconf 89' lang='lat' dir='ltr'><strong>in</strong></span> <span class='ocrx_word' id='word_1_76' title='bbox 897 716 987 764; x_wconf 87' lang='lat' dir='ltr'><strong>hoc,</strong></span> <span class='ocrx_word' id='word_1_77' title='bbox 1001 729 1149 768; x_wconf 90' lang='lat' dir='ltr'><strong>meque</strong></span> <span class='ocrx_word' id='word_1_78' title='bbox 1169 716 1346 755; x_wconf 80' lang='lat' dir='ltr'><strong>libenter</strong></span> <span class='ocrx_word' id='word_1_79' title='bbox 1363 717 1537 768; x_wconf 86' lang='lat' dir='ltr'><strong>praebeo</strong></span> 
     </span>
     <span class='ocr_line' id='line_1_22' title="bbox 330 770 1535 823; baseline -0.001 -12"><span class='ocrx_word' id='word_1_80' title='bbox 330 773 552 812; x_wconf 89' lang='lat' dir='ltr'><strong>credulum.</strong></span> <span class='ocrx_word' id='word_1_81' title='bbox 609 772 670 810; x_wconf 89' lang='lat' dir='ltr'><strong>Tu</strong></span> <span class='ocrx_word' id='word_1_82' title='bbox 701 773 835 819; x_wconf 87' lang='lat' dir='ltr'><strong>velim,</strong></span> <span class='ocrx_word' id='word_1_83' title='bbox 864 774 898 810; x_wconf 91' lang='lat' dir='ltr'><strong>si</strong></span> <span class='ocrx_word' id='word_1_84' title='bbox 925 771 1023 823; x_wconf 92' lang='lat' dir='ltr'><strong>quid</strong></span> <span class='ocrx_word' id='word_1_85' title='bbox 1046 771 1122 809; x_wconf 88' lang='lat' dir='ltr'><strong>tibi</strong></span> <span class='ocrx_word' id='word_1_86' title='bbox 1141 776 1205 809; x_wconf 90' lang='lat' dir='ltr'><strong>est</strong></span> <span class='ocrx_word' id='word_1_87' title='bbox 1222 784 1246 808; x_wconf 86' lang='lat' dir='ltr'><strong>a</strong></span> <span class='ocrx_word' id='word_1_88' title='bbox 1265 770 1396 810; x_wconf 79' lang='lat' dir='ltr'><strong>Statio</strong></span> <span class='ocrx_word' id='word_1_89' title='bbox 1414 774 1535 823; x_wconf 85' lang='lat' dir='ltr'><strong>scrip-</strong></span> 
     </span>
     <span class='ocr_line' id='line_1_23' title="bbox 329 824 1426 879; baseline -0.002 -13"><span class='ocrx_word' id='word_1_90' title='bbox 329 832 431 875; x_wconf 87' lang='lat' dir='ltr'><strong>tum,</strong></span> <span class='ocrx_word' id='word_1_91' title='bbox 451 827 558 879; x_wconf 91' lang='lat' dir='ltr'><strong>quod</strong></span> <span class='ocrx_word' id='word_1_92' title='bbox 579 829 785 877; x_wconf 80' lang='lat' dir='ltr'><strong>pertineat</strong></span> <span class='ocrx_word' id='word_1_93' title='bbox 804 826 856 864; x_wconf 88' lang='lat' dir='ltr'><strong>ad</strong></span> <span class='ocrx_word' id='word_1_94' title='bbox 874 839 955 873; x_wconf 92' lang='lat' dir='ltr'><strong>me,</strong></span> <span class='ocrx_word' id='word_1_95' title='bbox 975 828 1189 864; x_wconf 82' lang='lat' dir='ltr'><strong>certiorem</strong></span> <span class='ocrx_word' id='word_1_96' title='bbox 1208 838 1274 864; x_wconf 92' lang='lat' dir='ltr'><strong>me</strong></span> <span class='ocrx_word' id='word_1_97' title='bbox 1293 824 1426 864; x_wconf 83' lang='lat' dir='ltr'><strong>facias.</strong></span> 
     </span>
    </p>
   </div>
   <div class='ocr_carea' id='block_1_10' title="bbox 869 991 992 1030">
    <p class='ocr_par' dir='ltr' id='par_1_10' title="bbox 869 991 992 1030">
     <span class='ocr_line' id='line_1_24' title="bbox 869 991 992 1030; baseline -0.008 0"><span class='ocrx_word' id='word_1_98' title='bbox 869 991 992 1030; x_wconf 87' lang='lat' dir='ltr'><strong>XVIa</strong></span> 
     </span>
    </p>
   </div>
   <div class='ocr_carea' id='block_1_11' title="bbox 724 1076 1140 1102">
    <p class='ocr_par' dir='ltr' id='par_1_11' title="bbox 724 1076 1140 1102">
     <span class='ocr_line' id='line_1_25' title="bbox 724 1076 1140 1102; baseline -0.005 0"><span class='ocrx_word' id='word_1_99' title='bbox 724 1077 863 1102; x_wconf 77' lang='lat' dir='ltr'><strong>CICERO</strong></span> <span class='ocrx_word' id='word_1_100' title='bbox 892 1076 1033 1101; x_wconf 77' lang='lat' dir='ltr'>ATTICO</span> <span class='ocrx_word' id='word_1_101' title='bbox 1063 1076 1140 1101; x_wconf 74' lang='lat' dir='ltr'><strong>SAL.</strong></span> 
     </span>
    </p>
   </div>
   <div class='ocr_carea' id='block_1_12' title="bbox 322 1134 1535 1566">
    <p class='ocr_par' dir='ltr' id='par_1_12' title="bbox 322 1134 1535 1566">
     <span class='ocr_line' id='line_1_26' title="bbox 384 1134 1534 1183; baseline 0 -9"><span class='ocrx_word' id='word_1_102' title='bbox 384 1136 512 1174; x_wconf 81' lang='lat' dir='ltr'><strong>Narro</strong></span> <span class='ocrx_word' id='word_1_103' title='bbox 540 1138 628 1182; x_wconf 88' lang='lat' dir='ltr'><strong>tibi,</strong></span> <span class='ocrx_word' id='word_1_104' title='bbox 658 1135 758 1173; x_wconf 86' lang='lat' dir='ltr'><strong>haec</strong></span> <span class='ocrx_word' id='word_1_105' title='bbox 788 1135 875 1172; x_wconf 88' lang='lat' dir='ltr'><strong>loca</strong></span> <span class='ocrx_word' id='word_1_106' title='bbox 906 1140 1076 1172; x_wconf 89' lang='lat' dir='ltr'><strong>venusta</strong></span> <span class='ocrx_word' id='word_1_107' title='bbox 1106 1139 1212 1181; x_wconf 89' lang='lat' dir='ltr'><strong>sunt,</strong></span> <span class='ocrx_word' id='word_1_108' title='bbox 1243 1134 1382 1172; x_wconf 85' lang='lat' dir='ltr'><strong>abdita</strong></span> <span class='ocrx_word' id='word_1_109' title='bbox 1409 1140 1534 1183; x_wconf 85' lang='lat' dir='ltr'><strong>certe,</strong></span> 
     </span>
     <span class='ocr_line' id='line_1_27' title="bbox 329 1189 1533 1241; baseline 0 -13"><span class='ocrx_word' id='word_1_110' title='bbox 329 1196 386 1237; x_wconf 88' lang='lat' dir='ltr'><strong>et,</strong></span> <span class='ocrx_word' id='word_1_111' title='bbox 419 1194 451 1228; x_wconf 91' lang='lat' dir='ltr'><strong>si</strong></span> <span class='ocrx_word' id='word_1_112' title='bbox 484 1191 581 1241; x_wconf 91' lang='lat' dir='ltr'><strong>quid</strong></span> <span class='ocrx_word' id='word_1_113' title='bbox 615 1190 790 1228; x_wconf 91' lang='lat' dir='ltr'><strong>scribere</strong></span> <span class='ocrx_word' id='word_1_114' title='bbox 828 1189 940 1236; x_wconf 83' lang='lat' dir='ltr'><strong>velis,</strong></span> <span class='ocrx_word' id='word_1_115' title='bbox 972 1190 1024 1227; x_wconf 89' lang='lat' dir='ltr'><strong>ab</strong></span> <span class='ocrx_word' id='word_1_116' title='bbox 1059 1189 1219 1226; x_wconf 87' lang='lat' dir='ltr'><strong>arbitris</strong></span> <span class='ocrx_word' id='word_1_117' title='bbox 1257 1189 1394 1227; x_wconf 88' lang='lat' dir='ltr'><strong>libera.</strong></span> <span class='ocrx_word' id='word_1_118' title='bbox 1451 1189 1533 1228; x_wconf 90' lang='lat' dir='ltr'><strong>Sed</strong></span> 
     </span>
     <span class='ocr_line' id='line_1_28' title="bbox 327 1242 1535 1296; baseline 0.001 -14"><span class='ocrx_word' id='word_1_119' title='bbox 327 1248 464 1282; x_wconf 89' lang='lat' dir='ltr'><strong>nescio</strong></span> <span class='ocrx_word' id='word_1_120' title='bbox 497 1258 576 1296; x_wconf 92' lang='lat' dir='ltr'><strong>quo</strong></span> <span class='ocrx_word' id='word_1_121' title='bbox 608 1244 729 1282; x_wconf 91' lang='lat' dir='ltr'><strong>modo</strong></span> <span class='ocrx_word' id='word_1_122' title='bbox 760 1243 859 1286; x_wconf 85' lang='grc' dir='ltr'>οἶκος</span> <span class='ocrx_word' id='word_1_123' title='bbox 891 1243 1014 1293; x_wconf 85' lang='grc' dir='ltr'>φίλος.</span> <span class='ocrx_word' id='word_1_124' title='bbox 1082 1242 1227 1294; x_wconf 90' lang='lat' dir='ltr'><strong>Itaque</strong></span> <span class='ocrx_word' id='word_1_125' title='bbox 1256 1256 1322 1282; x_wconf 90' lang='lat' dir='ltr'><strong>me</strong></span> <span class='ocrx_word' id='word_1_126' title='bbox 1351 1243 1535 1283; x_wconf 80' lang='lat' dir='ltr'><strong>referunt</strong></span> 
     </span>
     <span class='ocr_line' id='line_1_29' title="bbox 328 1297 1535 1350; baseline 0 -13"><span class='ocrx_word' id='word_1_127' title='bbox 328 1299 454 1349; x_wconf 89' lang='lat' dir='ltr'><strong>pedes</strong></span> <span class='ocrx_word' id='word_1_128' title='bbox 484 1302 526 1336; x_wconf 90' lang='lat' dir='ltr'><strong>in</strong></span> <span class='ocrx_word' id='word_1_129' title='bbox 556 1298 840 1336; x_wconf 81' lang='lat' dir='ltr'><strong>Tusculanum.</strong></span> <span class='ocrx_word' id='word_1_130' title='bbox 899 1298 954 1335; x_wconf 90' lang='lat' dir='ltr'><strong>Et</strong></span> <span class='ocrx_word' id='word_1_131' title='bbox 981 1302 1121 1335; x_wconf 85' lang='lat' dir='ltr'><strong>tamen</strong></span> <span class='ocrx_word' id='word_1_132' title='bbox 1154 1297 1254 1335; x_wconf 89' lang='lat' dir='ltr'><strong>haec</strong></span> <span class='ocrx_word' id='word_1_133' title='bbox 1284 1299 1535 1350; x_wconf 68' lang='grc' dir='ltr'>ῥαπτογραφιά</span> 
     </span>
     <span class='ocr_line' id='line_1_30' title="bbox 326 1352 1534 1404; baseline -0.001 -13"><span class='ocrx_word' id='word_1_134' title='bbox 326 1353 481 1403; x_wconf 87' lang='lat' dir='ltr'><strong>ripulae</strong></span> <span class='ocrx_word' id='word_1_135' title='bbox 501 1353 663 1391; x_wconf 87' lang='lat' dir='ltr'><strong>videtur</strong></span> <span class='ocrx_word' id='word_1_136' title='bbox 688 1352 875 1390; x_wconf 86' lang='lat' dir='ltr'><strong>habitura</strong></span> <span class='ocrx_word' id='word_1_137' title='bbox 903 1352 1078 1390; x_wconf 85' lang='lat' dir='ltr'><strong>celerem</strong></span> <span class='ocrx_word' id='word_1_138' title='bbox 1107 1355 1351 1390; x_wconf 84' lang='lat' dir='ltr'><strong>satietatem.</strong></span> <span class='ocrx_word' id='word_1_139' title='bbox 1411 1352 1534 1404; x_wconf 89' lang='lat' dir='ltr'><strong>Equi-</strong></span> 
     </span>
     <span class='ocr_line' id='line_1_31' title="bbox 324 1406 1534 1458; baseline -0.001 -13"><span class='ocrx_word' id='word_1_140' title='bbox 324 1407 420 1445; x_wconf 92' lang='lat' dir='ltr'><strong>dem</strong></span> <span class='ocrx_word' id='word_1_141' title='bbox 440 1410 562 1445; x_wconf 84' lang='lat' dir='ltr'><strong>etiam</strong></span> <span class='ocrx_word' id='word_1_142' title='bbox 582 1407 737 1458; x_wconf 85' lang='lat' dir='ltr'><strong>pluvias</strong></span> <span class='ocrx_word' id='word_1_143' title='bbox 757 1412 907 1454; x_wconf 90' lang='lat' dir='ltr'><strong>metuo,</strong></span> <span class='ocrx_word' id='word_1_144' title='bbox 929 1409 962 1444; x_wconf 90' lang='lat' dir='ltr'><strong>si</strong></span> <span class='ocrx_word' id='word_1_145' title='bbox 987 1406 1248 1457; x_wconf 86' lang='lat' dir='ltr'><strong>Prognostica</strong></span> <span class='ocrx_word' id='word_1_146' title='bbox 1275 1411 1412 1444; x_wconf 86' lang='lat' dir='ltr'><strong>nostra</strong></span> <span class='ocrx_word' id='word_1_147' title='bbox 1438 1419 1534 1444; x_wconf 85' lang='lat' dir='ltr'><strong>vera</strong></span> 
     </span>
     <span class='ocr_line' id='line_1_32' title="bbox 323 1459 1532 1511; baseline -0.001 -12"><span class='ocrx_word' id='word_1_148' title='bbox 323 1467 444 1507; x_wconf 90' lang='lat' dir='ltr'><strong>sunt;</strong></span> <span class='ocrx_word' id='word_1_149' title='bbox 492 1475 612 1499; x_wconf 86' lang='lat' dir='ltr'><strong>ranae</strong></span> <span class='ocrx_word' id='word_1_150' title='bbox 653 1464 763 1498; x_wconf 90' lang='lat' dir='ltr'><strong>enim</strong></span> <span class='ocrx_word' id='word_1_151' title='bbox 805 1462 1080 1511; x_wconf 85' lang='grc' dir='ltr'>ῥητορεύουσιν.</span> <span class='ocrx_word' id='word_1_152' title='bbox 1156 1459 1231 1507; x_wconf 87' lang='lat' dir='ltr'><strong>Tu,</strong></span> <span class='ocrx_word' id='word_1_153' title='bbox 1268 1473 1432 1511; x_wconf 82' lang='lat' dir='ltr'><strong>quaeso,</strong></span> <span class='ocrx_word' id='word_1_154' title='bbox 1469 1460 1532 1499; x_wconf 82' lang='lat' dir='ltr'><strong>fac</strong></span> 
     </span>
     <span class='ocr_line' id='line_1_33' title="bbox 322 1513 1528 1566; baseline -0.001 -12"><span class='ocrx_word' id='word_1_155' title='bbox 322 1519 459 1563; x_wconf 85' lang='lat' dir='ltr'><strong>sciam,</strong></span> <span class='ocrx_word' id='word_1_156' title='bbox 479 1517 548 1554; x_wconf 91' lang='lat' dir='ltr'><strong>ubi</strong></span> <span class='ocrx_word' id='word_1_157' title='bbox 570 1515 739 1553; x_wconf 88' lang='lat' dir='ltr'><strong>Brutum</strong></span> <span class='ocrx_word' id='word_1_158' title='bbox 759 1520 942 1553; x_wconf 89' lang='lat' dir='ltr'><strong>nostrum</strong></span> <span class='ocrx_word' id='word_1_159' title='bbox 963 1520 1006 1552; x_wconf 92' lang='lat' dir='ltr'><strong>et</strong></span> <span class='ocrx_word' id='word_1_160' title='bbox 1026 1527 1106 1565; x_wconf 92' lang='lat' dir='ltr'><strong>quo</strong></span> <span class='ocrx_word' id='word_1_161' title='bbox 1125 1513 1193 1553; x_wconf 89' lang='lat' dir='ltr'><strong>die</strong></span> <span class='ocrx_word' id='word_1_162' title='bbox 1213 1514 1351 1553; x_wconf 90' lang='lat' dir='ltr'><strong>videre</strong></span> <span class='ocrx_word' id='word_1_163' title='bbox 1369 1517 1528 1566; x_wconf 87' lang='lat' dir='ltr'><strong>possim.</strong></span> 
     </span>
    </p>
   </div>
   <div class='ocr_carea' id='block_1_13' title="bbox 719 1665 1136 1774">
    <p class='ocr_par' dir='ltr' id='par_1_13' title="bbox 719 1665 1136 1774">
     <span class='ocr_line' id='line_1_34' title="bbox 863 1665 983 1703; baseline -0.008 0"><span class='ocrx_word' id='word_1_164' title='bbox 863 1665 983 1703; x_wconf 88' lang='lat' dir='ltr'>XVII</span> 
     </span>
     <span class='ocr_line' id='line_1_35' title="bbox 719 1748 1136 1774; baseline 0 0"><span class='ocrx_word' id='word_1_165' title='bbox 719 1749 859 1774; x_wconf 76' lang='lat' dir='ltr'>CICERO</span> <span class='ocrx_word' id='word_1_166' title='bbox 889 1748 1030 1773; x_wconf 74' lang='lat' dir='ltr'><strong>ATTlco</strong></span> <span class='ocrx_word' id='word_1_167' title='bbox 1059 1748 1136 1774; x_wconf 57' lang='lat' dir='ltr'><strong>sat.</strong></span> 
     </span>
    </p>
   </div>
   <div class='ocr_carea' id='block_1_14' title="bbox 322 1807 1529 1966">
    <p class='ocr_par' dir='ltr' id='par_1_14' title="bbox 322 1807 1529 1966">
     <span class='ocr_line' id='line_1_36' title="bbox 379 1807 1529 1858; baseline -0.001 -11"><span class='ocrx_word' id='word_1_168' title='bbox 379 1808 490 1847; x_wconf 88' lang='lat' dir='ltr'><strong>Duas</strong></span> <span class='ocrx_word' id='word_1_169' title='bbox 518 1811 655 1858; x_wconf 85' lang='lat' dir='ltr'><strong>accepi</strong></span> <span class='ocrx_word' id='word_1_170' title='bbox 685 1807 879 1858; x_wconf 85' lang='lat' dir='ltr'><strong>postridie</strong></span> <span class='ocrx_word' id='word_1_171' title='bbox 908 1807 1016 1853; x_wconf 89' lang='lat' dir='ltr'><strong>Idus,</strong></span> <span class='ocrx_word' id='word_1_172' title='bbox 1035 1807 1204 1844; x_wconf 88' lang='lat' dir='ltr'><strong>alteram</strong></span> <span class='ocrx_word' id='word_1_173' title='bbox 1224 1819 1272 1845; x_wconf 89' lang='lat' dir='ltr'><strong>eo</strong></span> <span class='ocrx_word' id='word_1_174' title='bbox 1292 1807 1359 1845; x_wconf 91' lang='lat' dir='ltr'><strong>die</strong></span> <span class='ocrx_word' id='word_1_175' title='bbox 1378 1807 1529 1853; x_wconf 80' lang='lat' dir='ltr'><strong>datam,</strong></span> 
     </span>
     <span class='ocr_line' id='line_1_37' title="bbox 322 1861 1528 1911; baseline -0.001 -10"><span class='ocrx_word' id='word_1_176' title='bbox 322 1863 492 1901; x_wconf 86' lang='lat' dir='ltr'><strong>alteram</strong></span> <span class='ocrx_word' id='word_1_177' title='bbox 515 1863 664 1901; x_wconf 88' lang='lat' dir='ltr'><strong>Idibus.</strong></span> <span class='ocrx_word' id='word_1_178' title='bbox 716 1862 827 1899; x_wconf 88' lang='lat' dir='ltr'><strong>Prius</strong></span> <span class='ocrx_word' id='word_1_179' title='bbox 848 1864 971 1911; x_wconf 86' lang='lat' dir='ltr'><strong>igitur</strong></span> <span class='ocrx_word' id='word_1_180' title='bbox 985 1863 1190 1911; x_wconf 89' lang='lat' dir='ltr'><strong>superiori.</strong></span> <span class='ocrx_word' id='word_1_181' title='bbox 1242 1861 1304 1899; x_wconf 91' lang='lat' dir='ltr'><strong>De</strong></span> <span class='ocrx_word' id='word_1_182' title='bbox 1321 1861 1369 1900; x_wconf 93' lang='lat' dir='ltr'><strong>D.</strong></span> <span class='ocrx_word' id='word_1_183' title='bbox 1390 1862 1528 1910; x_wconf 84' lang='lat' dir='ltr'><strong>Bruto,</strong></span> 
     </span>
     <span class='ocr_line' id='line_1_38' title="bbox 323 1915 1525 1966; baseline 0 -11"><span class='ocrx_word' id='word_1_184' title='bbox 323 1931 415 1955; x_wconf 90' lang='lat' dir='ltr'><strong>cum</strong></span> <span class='ocrx_word' id='word_1_185' title='bbox 444 1919 556 1956; x_wconf 87' lang='lat' dir='ltr'><strong>scies.</strong></span> <span class='ocrx_word' id='word_1_186' title='bbox 616 1916 680 1954; x_wconf 92' lang='lat' dir='ltr'><strong>De</strong></span> <span class='ocrx_word' id='word_1_187' title='bbox 709 1915 920 1954; x_wconf 89' lang='lat' dir='ltr'><strong>consulum</strong></span> <span class='ocrx_word' id='word_1_188' title='bbox 948 1915 1042 1953; x_wconf 86' lang='lat' dir='ltr'><strong>ficto</strong></span> <span class='ocrx_word' id='word_1_189' title='bbox 1070 1917 1215 1953; x_wconf 84' lang='lat' dir='ltr'><strong>timore</strong></span> <span class='ocrx_word' id='word_1_190' title='bbox 1248 1929 1525 1966; x_wconf 82' lang='lat' dir='ltr'><strong>cognoveram.</strong></span> 
     </span>
    </p>
   </div>
   <div class='ocr_carea' id='block_1_15' title="bbox 364 2010 1526 2096">
    <p class='ocr_par' dir='ltr' id='par_1_15' title="bbox 364 2010 1526 2096">
     <span class='ocr_line' id='line_1_39' title="bbox 367 2010 1335 2053; baseline -0.002 -7"><span class='ocrx_word' id='word_1_191' title='bbox 367 2013 380 2034; x_wconf 88' lang='lat'>²</span> <span class='ocrx_word' id='word_1_192' title='bbox 403 2013 455 2046; x_wconf 81' lang='lat' dir='ltr'><strong>Cf.</strong></span> <span class='ocrx_word' id='word_1_193' title='bbox 476 2013 550 2045; x_wconf 74' lang='lat' dir='ltr'><strong>Aa.</strong></span> <span class='ocrx_word' id='word_1_194' title='bbox 572 2021 649 2045; x_wconf 76' lang='lat' dir='ltr'>xlv,</span> <span class='ocrx_word' id='word_1_195' title='bbox 673 2013 721 2045; x_wconf 83' lang='lat'><strong>16.</strong></span> <span class='ocrx_word' id='word_1_196' title='bbox 860 2011 874 2032; x_wconf 76' lang='lat'><em>²</em></span> <span class='ocrx_word' id='word_1_197' title='bbox 898 2010 1121 2053; x_wconf 81' lang='lat' dir='ltr'><strong>Apparently</strong></span> <span class='ocrx_word' id='word_1_198' title='bbox 1138 2021 1160 2043; x_wconf 82' lang='lat' dir='ltr'><strong>a</strong></span> <span class='ocrx_word' id='word_1_199' title='bbox 1174 2011 1335 2053; x_wconf 81' lang='lat' dir='ltr'><strong>proverb.</strong></span> 
     </span>
     <span class='ocr_line' id='line_1_40' title="bbox 364 2054 1526 2096; baseline -0.001 -7"><span class='ocrx_word' id='word_1_200' title='bbox 364 2056 378 2076; x_wconf 82' lang='lat'><strong>⁸</strong></span> <span class='ocrx_word' id='word_1_201' title='bbox 400 2056 523 2090; x_wconf 79' lang='lat' dir='ltr'><strong>Cicero</strong></span> <span class='ocrx_word' id='word_1_202' title='bbox 548 2055 746 2089; x_wconf 78' lang='lat' dir='ltr'><strong>translated</strong></span> <span class='ocrx_word' id='word_1_203' title='bbox 773 2055 834 2088; x_wconf 84' lang='lat' dir='ltr'><strong>the</strong></span> <span class='ocrx_word' id='word_1_204' title='bbox 864 2054 1089 2096; x_wconf 71' lang='lat' dir='ltr'><strong>Proqnostica</strong></span> <span class='ocrx_word' id='word_1_205' title='bbox 1112 2054 1149 2087; x_wconf 78' lang='lat' dir='ltr'><strong>of</strong></span> <span class='ocrx_word' id='word_1_206' title='bbox 1166 2056 1300 2088; x_wconf 77' lang='lat' dir='ltr'><strong>Aratus</strong></span> <span class='ocrx_word' id='word_1_207' title='bbox 1325 2055 1401 2088; x_wconf 85' lang='lat' dir='ltr'><strong>into</strong></span> <span class='ocrx_word' id='word_1_208' title='bbox 1419 2055 1526 2089; x_wconf 80' lang='lat' dir='ltr'><strong>Latin</strong></span> 
     </span>
    </p>
   </div>
   <div class='ocr_carea' id='block_1_16' title="bbox 320 2110 430 2133">
    <p class='ocr_par' dir='ltr' id='par_1_16' title="bbox 320 2110 430 2133">
     <span class='ocr_line' id='line_1_41' title="bbox 320 2110 430 2133; baseline 0.009 -1"><span class='ocrx_word' id='word_1_209' title='bbox 320 2110 430 2133; x_wconf 71' lang='lat' dir='ltr'><strong>verse.</strong></span> 
     </span>
    </p>
   </div>
   <div class='ocr_carea' id='block_1_17' title="bbox 319 2149 398 2183">
    <p class='ocr_par' dir='ltr' id='par_1_17' title="bbox 319 2149 398 2183">
     <span class='ocr_line' id='line_1_42' title="bbox 319 2149 398 2183; baseline -0.013 0"><span class='ocrx_word' id='word_1_210' title='bbox 319 2149 398 2183; x_wconf 83' lang='lat'><strong>340</strong></span> 
     </span>
    </p>
   </div>
  </div>
 </body>
</html>
