1572 2378
49 1177 128 1215 Scr.
156 1176 189 1213 A
192 1181 316 1214 sturae

57 1230 93 1267 V
109 1231 167 1269 Id.
189 1230 286 1268 Mai.

50 1299 84 1323 a.
109 1286 186 1325 709

569 175 606 211 M
616 173 793 211 ARCUS
825 172 1068 211 TULLIUS
1108 172 1313 211 CICERO

334 276 423 300 mus
436 262 651 300 facultates
670 261 847 300 Othonis
866 266 1003 298 nostra
1022 260 1259 311 cupiditate.
1302 260 1419 308 Nam,
1429 260 1537 312 quod

335 333 384 370 ad
410 347 474 371 me
502 333 555 371 de
585 332 761 371 Lentulo
781 333 932 379 scribis,
953 345 1034 369 non
1056 336 1120 369 est
1137 334 1180 369 in
1201 344 1260 369 eo.
1320 331 1540 370 Faberiana

334 405 455 443 modo
482 417 546 442 res
574 409 686 442 certa
713 406 778 451 sit,
806 408 934 454 tuque
963 405 1132 449 enitare,
1162 402 1269 454 quod
1298 401 1408 450 facis,
1430 403 1537 455 quod

333 476 529 523 volumus,
549 488 851 526 consequemur.

389 547 509 594 Quod
543 549 714 598 quaeris,
743 559 863 598 quam
893 545 963 583 diu
993 545 1085 584 hic:
1124 558 1272 597 paucos
1300 545 1398 584 dies.
1456 545 1536 585 Sed

334 624 490 656 certum
528 631 610 655 non
646 617 788 655 habeo.
858 617 985 655 Simul
1023 630 1069 655 ac
1106 619 1371 665 constituero,
1406 616 1458 656 ad
1493 621 1538 656 te

333 690 518 736 scribam,
548 694 592 727 et
620 693 666 727 tu
696 688 748 726 ad
778 701 858 735 me,
887 701 1009 739 quam
1043 687 1113 726 diu
1147 690 1191 726 in
1227 687 1458 727 suburbano
1485 690 1538 727 sis

334 761 504 799 futurus.
562 760 654 808 Quo
682 760 749 798 die
778 772 856 811 ego
883 759 935 797 ad
963 764 1006 797 te
1035 758 1136 797 haec
1163 761 1267 806 misi,
1290 758 1343 798 de
1373 759 1474 798 Pilia
1494 765 1539 798 et

337 832 473 870 Attica
490 830 591 868 mihi
610 843 770 882 quoque
790 829 948 878 eadem,
963 843 1067 881 quae
1086 830 1238 876 scribis,
1253 835 1296 868 et
1310 830 1540 870 scribuntur

334 910 377 942 et
397 906 646 941 nuntiantur.

887 1011 983 1049 XLI

731 1104 870 1129 elcERo
901 1104 1040 1128 ATTICO
1069 1105 1144 1129 SAL.

391 1173 501 1210 Nihil
521 1177 622 1219 erat,
641 1171 749 1222 quod
769 1172 998 1209 scriberem.
1053 1171 1164 1209 Scire
1184 1178 1321 1209 tamen
1343 1171 1537 1220 volebam,

336 1245 404 1282 ubi
424 1256 556 1289 esses;
583 1245 616 1281 si
634 1243 731 1281 abes
754 1248 825 1280 aut
849 1241 1032 1280 afuturus
1061 1256 1117 1289 es,
1147 1242 1308 1293 quando
1337 1242 1539 1281 rediturus

335 1330 453 1355 esses.
512 1315 651 1354 Facies
680 1317 805 1365 igitur
835 1317 1061 1352 certiorem.
1125 1314 1193 1362 Et,
1223 1315 1332 1366 quod
1361 1320 1407 1353 tu
1438 1318 1539 1355 scire

333 1388 509 1434 volebas,
534 1399 611 1438 ego
637 1386 800 1438 quando
827 1399 878 1424 ex
906 1385 983 1423 hoc
1011 1385 1113 1433 loco,
1131 1385 1327 1436 postridie
1349 1385 1445 1425 Idus
1464 1386 1538 1425 La-

334 1462 429 1497 nuvi
458 1460 650 1496 constitui
680 1470 858 1502 manere,
887 1456 983 1495 inde
1015 1457 1211 1508 postridie
1240 1459 1284 1495 in
1313 1457 1539 1496 Tusculano

332 1536 404 1569 aut
425 1531 585 1568 Romae.
647 1529 793 1567 Utrum
813 1531 888 1567 sim
907 1527 1100 1576 facturus,
1121 1541 1169 1567 eo
1189 1531 1276 1580 ipso
1295 1528 1361 1567 die
1380 1531 1492 1568 scies.

388 1602 643 1652 Scis,vquam
681 1603 735 1638 sit
773 1600 963 1650 φιλαίτιον
999 1599 1195 1651 συμφορά,
1227 1602 1394 1638 minime
1423 1602 1468 1639 in
1495 1605 1538 1639 te

333 1674 510 1725 quidem,
531 1673 602 1711 sed
622 1678 760 1711 tamen
779 1671 896 1709 avide
920 1684 1007 1709 sum
1028 1670 1214 1709 adfectus
1233 1671 1285 1709 de
1304 1671 1411 1720 fano,
1431 1671 1538 1724 quod

335 1748 408 1783 nisi
429 1757 511 1782 non
530 1743 620 1781 dico
643 1743 832 1780 effectum
862 1744 952 1789 erit,
981 1742 1053 1780 sed
1083 1742 1168 1780 fieri
1198 1742 1336 1780 videro
1365 1741 1539 1792 (audebo

335 1817 409 1853 hoc
428 1815 578 1862 dicere,
599 1819 643 1853 et
661 1819 722 1861 tu,
741 1819 788 1851 ut
807 1813 925 1861 soles,
943 1815 1146 1864 accipies),
1175 1814 1398 1853 incursabit
1423 1817 1468 1853 in
1495 1820 1538 1854 te

332 1887 446 1924 dolor
474 1899 600 1933 meus,
626 1898 708 1922 non
737 1886 824 1922 iure
855 1883 925 1922 ille
956 1883 1134 1935 quidem,
1163 1883 1236 1922 sed
1265 1889 1403 1923 tamen
1433 1884 1538 1924 feres

332 1958 408 1996 hoc
436 1962 580 2009 ipsum,
604 1956 711 2008 quod
738 1956 882 2003 scribo,
901 1961 948 1994 ut
967 1958 1102 1994 omnia
1120 1968 1212 1995 mea
1229 1954 1311 1995 fers
1330 1970 1377 1994 ac
1395 1956 1535 1996 tulisti.

332 2029 487 2068 Omnes
510 2034 600 2066 tuas
623 2027 918 2066 consolationes
947 2041 1068 2065 unam
1098 2026 1203 2065 hanc
1230 2029 1274 2066 in
1302 2040 1387 2066 rem
1419 2028 1537 2067 velim

331 2100 524 2139 conferas.
583 2098 623 2137 Si
644 2100 815 2149 quaeris,
835 2098 931 2149 quid
953 2103 1104 2148 optem,
1126 2100 1299 2148 primum
1329 2098 1538 2150 Scapulae,

334 2154 383 2193 86
