1572 2378
56 1021 134 1057 Scr.
161 1019 322 1056 Asturae

61 1074 129 1113 ΙΙῙ
145 1074 192 1112 Κ.
217 1073 308 1125 Apr.

55 1144 89 1168 a.
115 1131 190 1168 709

578 161 802 200 MARCUS
841 162 1009 199 'rULLl
1019 163 1085 200 US
1124 163 1324 201 CICERO

342 246 441 285 fecit
471 250 510 284 in
543 251 629 298 ripa
660 251 795 285 nescio
826 254 1095 300 quotenorum
1134 252 1334 300 iugerum,
1363 256 1411 288 ut
1439 255 1551 289 certa

342 313 473 360 pretia
484 313 753 348 constitueret
766 323 776 356 3
800 324 904 362 quae
915 311 1015 348 mihi
1028 316 1126 350 nota
1138 324 1220 350 non
1233 318 1341 353 sunt.
1391 312 1550 352 Seriboe

340 372 390 409 ad
413 385 478 410 me
497 375 635 423 igitur,
655 373 848 425 quicquid
869 376 1013 424 egeris.

396 433 674 473 Vehementer
690 448 757 473 me
777 435 969 474 sollicitat
987 437 1153 476 Atticae
1167 443 1330 477 nostrae
1345 438 1548 487 valetudo,

340 503 387 536 ut
406 511 545 536 verear
563 501 700 546 etiam,
716 512 770 538 ne
785 512 888 550 quae
908 499 1028 551 culpa
1046 503 1110 539 sit.
1159 500 1242 540 Sed
1261 506 1305 541 et
1322 501 1546 555 paedagogi

341 561 517 610 probitas
537 566 581 599 et
597 561 747 599 medici
765 561 987 601 adsiduitas
1012 567 1056 602 et
1080 568 1169 602 tota
1196 563 1341 604 domus
1367 567 1411 603 in
1436 569 1546 604 omni

339 636 492 674 genere
519 623 696 675 diligens
723 637 790 662 me
818 638 953 663 rursus
981 625 1024 663 id
1052 628 1243 677 suspicari
1263 633 1387 666 vetat.
1443 627 1547 667 Cura

340 689 488 737 igitur3
518 686 633 737 plura
653 689 762 725 enim
782 700 865 725 non
883 700 1057 739 possum.

857 863 1034 900 XXXIV

735 952 874 976 CICERO
903 953 1045 978 ATTICO
1073 954 1152 980 SAL.

397 1016 484 1066 Ego
515 1016 580 1053 hic
609 1015 674 1054 vel
703 1018 790 1054 sine
821 1016 935 1054 Sicca
965 1017 1120 1066 (Tironi
1152 1022 1261 1057 enim
1291 1021 1437 1060 melius
1464 1026 1544 1071 eet)

341 1079 532 1117 facillime
560 1091 720 1130 possem
748 1092 836 1117 esse
864 1085 912 1118 ut
938 1082 981 1117 in
1008 1081 1136 1128 malis,
1165 1082 1251 1129 sed,
1278 1095 1371 1121 cum
1397 1085 1546 1124 scribas

342 1143 562 1181 videndum
589 1142 690 1180 mihi
710 1155 811 1190 esse,
830 1156 884 1181 ne
903 1146 1119 1194 opprimar,
1139 1157 1189 1183 ex
1209 1158 1289 1197 quo
1307 1147 1544 1199 intellegam

340 1212 382 1245 te
402 1212 559 1244 certum
579 1205 689 1244 diem
707 1204 815 1244 illius
833 1205 1096 1256 profectionis
1118 1220 1201 1245 non
1224 1207 1388 1256 habere,
1406 1213 1545 1261 putavi

339 1282 427 1308 esse
456 1267 706 1307 commodius
733 1281 800 1306 me
829 1271 933 1307 istuc
962 1272 1124 1315 venire3
1153 1270 1262 1321 quod
1290 1271 1401 1310 idem
1428 1273 1547 1313 video

339 1333 413 1370 tibi
433 1331 604 1383 placere.
659 1330 754 1369 Cras
773 1333 899 1382 igitur
918 1333 960 1368 in
981 1331 1118 1370 Siccae
1139 1333 1378 1372 suburbano.
1428 1334 1545 1385 Inde,

338 1408 460 1447 quem
479 1394 531 1432 ad
549 1393 716 1432 modum
735 1394 893 1441 suades,
921 1400 1020 1445 puto
1047 1407 1114 1433 me
1143 1398 1185 1433 in
1218 1396 1417 1436 Ficulensi
1445 1397 1544 1439 fore.

339 1457 495 1505 Quibus
516 1457 568 1495 de
587 1457 709 1495 rebus
728 1456 780 1494 ad
799 1470 865 1495 me
885 1459 1094 1508 scripsisti,
1107 1461 1297 1509 quoniam
1312 1462 1399 1510 ipse
1414 1464 1545 1510 venio,

339 1534 471 1558 coram
488 1519 724 1558 videbimus.
773 1519 902 1557 Tuam
918 1519 1085 1570 quidem
1101 1525 1145 1558 et
1159 1523 1201 1558 in
1216 1521 1385 1572 agendis
1399 1526 1546 1563 nostris

339 1584 458 1621 rebus
477 1587 521 1621 et
539 1584 581 1620 in
602 1581 778 1620 consiliis
798 1582 986 1620 ineundis
1015 1582 1196 1634 mihique
1225 1583 1369 1623 dandis
1389 1587 1429 1624 in
1450 1589 1545 1638 ipsis

338 1648 497 1692 litteris,
518 1658 616 1696 quas
635 1647 777 1691 mittis,
798 1645 1141 1693 benevolentiam,
1162 1645 1432 1698 diligentiam,
1450 1661 1544 1700 pru-

338 1711 519 1748 dentiam
538 1707 705 1746 mirifice
725 1707 861 1758 diligo.
911 1707 972 1746 Tu
994 1713 1146 1755 tamen,
1162 1712 1194 1746 si
1210 1709 1308 1760 quid
1324 1723 1415 1748 cum
1431 1711 1543 1761 Silio,

339 1771 403 1821 vel
421 1771 489 1808 illo
509 1773 596 1821 ipso
615 1770 696 1816 die,
716 1783 795 1820 quo
825 1769 875 1807 ad
905 1769 1061 1808 Siccam
1091 1776 1284 1810 venturus
1313 1785 1395 1820 ero,
1424 1777 1544 1813 certi-

337 1847 447 1872 orem
467 1846 533 1871 me
552 1832 674 1870 velim
698 1831 833 1879 facias,
863 1838 908 1870 et
935 1835 1111 1871 maxime
1139 1837 1252 1874 cuius
1281 1834 1358 1873 loci
1385 1836 1543 1876 detrac-

335 1898 490 1935 tionem
521 1894 605 1932 fieri
639 1893 748 1932 velit.
808 1894 929 1942 Quod
968 1898 1077 1933 enim
1116 1892 1255 1935 scribis
1292 1899 1541 1948 “extremi‚”

336 1959 443 2006 vide,
469 1970 522 1996 ne
551 1960 585 1996 is
612 1959 699 2007 ipse
727 1956 839 1995 locus
866 1960 932 2004 sit,
961 1961 1074 1996 cuius
1105 1971 1223 1997 causa
1241 1959 1294 1998 de
1313 1965 1402 2000 tota
1419 1973 1477 2011 re,
1495 1967 1542 2002 ut

335 2024 425 2068 scis,
455 2025 519 2059 est
546 2033 571 2058 a
601 2020 717 2058 nobis
756 2022 990 2070 cogitatum.
1062 2020 1175 2059 Hirti
1213 2023 1428 2072 epistulam
1466 2025 1540 2064 tibi

336 2087 425 2123 misi
445 2089 488 2121 et
507 2088 715 2121 recentem
735 2087 780 2120 et
798 2082 994 2121 benevole
1013 2086 1214 2134 scriptam.

339 2141 390 2180 70
