1572 2378
545 167 772 207 MARCUS
810 169 1055 208 TULLIUS
1093 170 1295 211 CICERO

315 269 464 307 perner
493 260 537 294 et
566 269 752 307 respuam
783 260 810 279 “
820 256 844 308 ἢ
872 260 1044 301 σκολιαῖς
1072 258 1267 302 ἀπάταις-3·
1328 259 1387 299 Ut
1413 262 1522 300 enim

319 327 492 365 Pindaro
510 329 567 366 sic
587 331 613 349 “
624 327 711 380 δίχα
728 345 794 379 μοι
810 329 904 376 νόος,
927 329 1118 381 ἀτρέκειαν
1135 329 1287 371 εἶπεῖν.”
1345 331 1526 388 Omnino

317 399 494 436 moribus
521 400 622 437 meis
649 398 751 437 illud
777 402 926 450 aptius,
948 400 1021 439 sed
1046 400 1124 439 hoc
1145 400 1314 441 fortasse
1333 405 1525 455 tempori-

319 470 404 507 bus.
462 468 524 507 Tu
552 474 704 517 autem,
733 470 842 522 quod
869 473 956 522 ipse
983 472 1060 510 tibi
1088 475 1271 521 suaseris,
1290 473 1401 512 idem
1425 474 1526 528 mihi

319 554 553 591 persuasum
574 546 729 592 putato.
788 542 988 594 Equidem
1018 557 1159 583 vereor
1187 547 1374 593 maxime,
1401 559 1456 585 ne
1483 549 1527 586 in

319 611 547 650 Tusculano
574 615 787 663 opprimar.
847 614 896 652 In
922 616 1042 653 turba
1060 615 1162 654 haec
1181 622 1319 655 essent
1337 616 1524 659 faciliora.

322 682 470 721 Utrum
488 685 614 734 igitur
627 683 831 722 Asturae?
879 684 1002 733 Quid,
1018 688 1051 724 si
1066 686 1212 725 Caesar
1225 687 1386 726 subito?
1429 688 1528 728 Iuva

319 767 399 802 me,
419 767 581 806 quaeso,
600 755 776 795 consilio.
837 757 941 795 Utar
960 770 1023 805 eo,
1041 758 1149 809 quod
1167 764 1213 797 tu
1233 758 1472 801 decreveris.

834 923 1016 962 XXXIX

718 1024 859 1050 CICERO
890 1025 1032 1051 ATTICO
1059 1026 1137 1052 SAL.

39 1105 117 1142 Scr.
142 1102 179 1140 in
214 1102 308 1140 Tus·
381 1099 420 1139 O
438 1099 719 1138 incredibilem
739 1101 984 1139 vanitatem!
1014 1101 1066 1140 ad
1084 1107 1243 1154 patrem
1271 1103 1429 1143 “domo
1456 1106 1531 1144 sibi

39 1158 170 1196 calano
191 1157 288 1195 Non.

47 1214 126 1251 ςεχί
163 1226 187 1250 α
232 1213 308 1252 709
326 1171 547 1210 carendum
574 1177 742 1223 propter
768 1172 980 1220 matrem,”
1003 1173 1056 1211 ad
1074 1179 1246 1213 matrem
1265 1174 1428 1226 plenam
1446 1179 1530 1228 pie-

326 1245 434 1281 tatis.
483 1243 565 1281 Hic
579 1248 719 1281 autem
737 1246 817 1282 iam
835 1243 1062 1295 languescit
1082 1250 1125 1283 et
1143 1247 1200 1284 ait
1218 1246 1294 1284 sibi
1312 1246 1428 1285 illum
1445 1248 1532 1287 iure

324 1317 483 1354 iratum.
541 1313 624 1354 Sed
651 1319 744 1353 utar
769 1320 842 1354 tuo
870 1316 1059 1362 consilio;
1088 1321 1114 1339 “
1125 1317 1299 1356 σκολιὰ”
1329 1321 1439 1357 enim
1456 1319 1533 1358 tibi

326 1386 444 1424 video
469 1385 640 1437 placere.
699 1386 880 1434 Romam,
911 1393 957 1425 ut
986 1400 1141 1435 censes,
1171 1391 1342 1436 veniam,
1371 1389 1444 1428 sed
1471 1392 1533 1429 in-

326 1460 455 1503 vitus;
484 1456 601 1495 valde
620 1459 732 1495 enim
755 1460 799 1495 in
827 1458 1040 1496 scribendo
1069 1459 1228 1498 haereo.
1284 1460 1531 1510 “Brutum,”

327 1531 473 1580 inquis,
502 1528 724 1568 “eadem”
781 1529 970 1576 Scilicet3
999 1530 1084 1577 sed,
1112 1532 1190 1568 nisi
1218 1530 1295 1570 hoc
1322 1537 1441 1580 esset,
1468 1545 1534 1572 res

327 1613 394 1639 me
423 1603 502 1640 ista
529 1613 613 1638 non
642 1605 819 1652 cogeret.
883 1601 971 1639 Nec
1001 1603 1111 1640 enim
1139 1601 1237 1640 inde
1266 1604 1393 1650 venit,
1423 1602 1533 1642 unde

328 1671 505 1719 mallem,
524 1684 659 1723 neque
678 1671 748 1710 diu
766 1670 870 1710 afuit
888 1685 1022 1724 neque
1042 1671 1166 1710 ullam
1184 1671 1365 1712 litteram
1382 1672 1435 1712 ad
1452 1686 1532 1714 me.

330 1743 411 1782 Sed
430 1748 570 1782 tamen
589 1745 690 1781 scire
709 1756 821 1791 aveo,
840 1743 969 1795 qualis
988 1746 1026 1782 ei
1044 1747 1171 1782 totius
1195 1747 1352 1783 itineris
1379 1758 1534 1784 summa

328 1815 464 1854 fuerit.
522 1814 665 1853 Libros
688 1814 802 1861 mihi,
829 1814 882 1854 de
910 1815 1056 1866 quibus
1083 1815 1136 1854 ad
1162 1820 1206 1854 te
1233 1821 1356 1855 antea
1382 1818 1535 1868 scripsi,

329 1886 452 1925 velim
483 1887 623 1924 mittas
655 1890 700 1924 et
730 1888 906 1924 maxime
938 1886 1100 1938 Φαίδρου
1131 1887 1216 1938 περὶ
1252 1887 1344 1928 θεῶν
1374 1891 1420 1926 et
1449 1886 1536 1941 περὶ

331 1957 565 1999 Παλλάδος.1

373 2033 388 2055 ²
411 2035 481 2077 περὶ
514 2034 689 2068 Παλλάδος
715 2033 842 2068 Orelli:
873 2039 1054 2068 ΠΛΛῙΔΟΣ
1081 2033 1204 2068 MSS&
1234 2034 1356 2069 παντός
1382 2033 1533 2069 θανῐίίιε

330 2079 579 2120 Ἀπολλοδώρου
595 2077 727 2113 Hind-

336 2153 409 2187 188
