1572 2378
575 163 801 202 MARCUS
841 164 1085 204 TULLIUS
1124 166 1324 207 CICERO

347 254 520 297 trentur,
535 250 671 301 Oppio
686 251 850 301 quidem
871 254 1026 303 utique,
1042 266 1163 304 quem
1179 255 1252 292 tibi
1267 258 1549 296 amicissimum

345 318 525 365 cognovi.
584 315 749 364 Verum,
769 322 816 355 ut
835 317 956 356 voles.

398 380 474 426 Tu,
516 383 704 433 quoniam
753 383 891 421 scribis
937 383 1208 423 hiematurum
1249 390 1293 424 te
1334 389 1376 424 in
1414 386 1549 440 Epiro,

344 444 488 484 feceris
516 446 616 484 mihi
649 452 822 497 gratum,
849 451 882 486 si
908 454 1005 487 ante
1033 462 1083 488 eo
1113 453 1283 498 veneris,
1303 465 1423 503 quam
1449 453 1548 492 mihi

344 513 386 552 in
420 510 581 549 Italiam
613 517 656 550 te
689 518 854 552 auctore
885 514 1132 553 veniendum
1163 521 1236 554 est.
1295 516 1473 558 Litteras
1496 518 1555 559 ad-

343 589 410 614 me
438 590 558 628 quam
580 580 836 629 saepissime;
865 582 898 618 si
920 580 973 618 de
997 581 1117 619 rebus
1146 584 1279 620 minus
1301 587 1553 633 necessariis,

342 642 519 693 aliquem
550 648 746 689 nanctus3
775 646 837 682 sin
867 650 1006 683 autem
1037 648 1115 684 erit
1143 647 1241 698 quid
1269 650 1410 697 maius,
1427 648 1548 689 domo

341 710 508 746 mittito.

397 772 683 825 Ἠρακλείδειον,
701 777 733 812 si
751 775 1007 814 Brundisium
1027 777 1138 824 salvi,
1157 778 1395 819 adoriemur.
1444 774 1546 821 “De

341 839 504 890 gloria’'
530 842 633 878 'misi
670 841 757 879 tibi.
823 841 1039 880 Custodies
1076 845 1213 893 igitur,
1247 850 1294 883 ut
1325 845 1442 894 soles,
1473 847 1544 886 sed

341 911 538 944 notentur
556 906 759 957 eclogarii,
778 920 878 958 quos
903 908 1059 947 Salvius
1084 909 1209 947 bonos
1231 910 1435 950 auditores
1452 925 1546 951 nec-

341 977 406 1010 tus
426 974 468 1009 in
487 974 669 1010 convivio
687 972 901 1011 dumtaxat
920 973 1041 1023 legat.
1101 974 1204 1012 Mihi
1231 976 1347 1015 valde
1368 977 1545 1030 placent,

341 1036 504 1074 mallem
523 1038 609 1076 tibi.
668 1037 801 1076 Etiam
821 1044 944 1090 atque
965 1042 1088 1077 etiam
1109 1040 1207 1081 vale.

910 1201 972 1239 111

735 1294 874 1319 CICERO
905 1295 1045 1320 A'r'rlco
1075 1296 1152 1323 SAL.

55 1368 132 1405 Ser.
154 1366 192 1405 in
213 1366 322 1404 Pom·
395 1362 456 1400 Tu
487 1375 582 1401 vero
609 1366 814 1414 sapienter
841 1363 967 1416 (nunc
990 1365 1155 1404 demum
1175 1370 1283 1405 enim
1303 1371 1479 1410 rescribo
1495 1373 1543 1412 iis

52 1421 186 1472 peiano
208 1420 311 1459 XVI
342 1428 501 1475 litteris,
527 1441 625 1479 quas
651 1428 749 1466 mihi
778 1431 921 1468 misisti
950 1437 1152 1469 convento
1182 1433 1360 1472 Antonio
1387 1435 1544 1491 Tiburi)

58 1475 104 1513 K·
125 1476 223 1513 3⁶³1·
245 1490 280 1514 a·
341 1497 547 1545 sapienter
564 1496 700 1544 igitur,
720 1494 829 1546 quod
848 1508 990 1533 manus
1014 1496 1179 1544 dedisti,
1202 1499 1392 1551 quodque
1421 1504 1543 1542 etiam
1569 1542 1572 1548 .

60 1531 136 1569 710
342 1560 447 1598 ultro
462 1562 611 1609 gratias
625 1562 757 1610 egisti.
806 1560 926 1599 Certe
947 1564 1069 1608 enim,
1085 1567 1130 1599 ut
1145 1563 1295 1610 scribis,
1309 1565 1544 1606 deseremur
1564 1570 1572 1610 ὲ

339 1627 448 1662 ocius
476 1638 500 1662 a
526 1637 571 1662 re
599 1625 760 1676 publica
785 1638 904 1677 quam
933 1639 955 1663 a
985 1639 1028 1664 re
1057 1626 1251 1667 familiaii.
1309 1630 1429 1678 Quod
1448 1617 1572 1678 vero}

337 1691 476 1729 scribis
499 1695 541 1728 te
565 1690 715 1728 cotidie
744 1694 871 1742 magis
894 1691 1139 1730 delectare‘
1143 1694 1203 1732 ‘O
1228 1694 1335 1743 Tite,
1355 1699 1386 1735 si
1406 1697 1517 1750 quid,
1519 1697 1542 1717 '³
1571 1703 1572 1706 ’

336 1769 461 1807 auges
480 1755 580 1794 mihi
599 1756 802 1794 scribendi
820 1756 1080 1796 alacritatem
1134 1758 1255 1806 Quod
1275 1760 1440 1801 Erotem
1458 1776 1572 1803 non

336 1824 423 1859 sine
443 1821 682 1859 munusculo
703 1827 938 1872 exspectare
958 1827 1000 1860 te
1020 1823 1133 1870 dicis,
1146 1825 1305 1875 gaudeo
1324 1840 1404 1865 non
1424 1827 1566 1868 fefel

337 1886 429 1925 lisse
463 1900 554 1925 eam
587 1900 671 1924 rem
706 1890 937 1938 opinionem
977 1893 1112 1934 tuam3
1154 1891 1225 1928 sed
1259 1897 1398 1931 tamen
1430 1893 1572 1936 idem1

336 1954 534 2004 σύνταγμα
553 1955 642 1990 misi
662 1952 712 1990 ad
732 1957 775 1991 te
797 1957 1066 2000 retractatius,
1085 1960 1129 1994 et
1147 1956 1311 2007 quidem
1331 1960 1572 2011 ἅρχέτντονξ

334 2018 464 2066 ipsum
494 2016 643 2053 crebris
672 2015 769 2054 loeis
797 2017 1043 2056 inculcatum
1072 2024 1116 2057 et
1145 2020 1355 2060 refectum.
1415 2022 1539 2063 Hunc
1563 2020 1572 2073 'j

332 2085 378 2120 tu
400 2081 620 2119 tralatum
610 2095 651 2119 in
672 2082 953 2121 maen-ocellum
974 2083 1065 2135 lege
1085 2098 1230 2124 arcano
1250 2091 1426 2128 convivis
1443 2090 1572 2138 tuin,

333 2133 412 2177 876

1564 2139 1572 2220 i

1558 2322 1572 2378 41²
