1572 2378
591 179 632 216 M
642 178 818 218 ARCUS
856 178 1102 218 TULLIUS
1140 180 1342 219 CICERO

907 302 1023 340 XXX

755 394 896 420 CICERO
926 395 1067 420 ATTxco
1095 396 1174 421 SAL.

79 467 159 504 Ser.
187 466 348 503 Asturae
417 462 592 510 Quaero,
610 462 720 514 quod
739 461 791 500 ad
810 467 854 500 te
873 462 1057 509 scribam,
1078 462 1150 500 sed
1170 462 1270 501 nihil
1292 469 1365 502 est.
1414 463 1566 503 Eadem

87 521 121 558 V
120 521 143 559 I
161 521 210 558 K·
229 519 322 570 Apr·
361 525 522 563 cotidie.
595 524 714 571 Quod
766 524 987 574 Lentulum
1033 527 1184 573 invisis,
1230 525 1348 565 valde
1393 531 1564 578 gratum.

80 590 113 614 a.
140 577 215 615 709

365 588 512 626 Pueros
531 588 709 626 attribue
734 590 784 634 ei,
807 593 909 639 quot
937 593 980 626 et
1008 601 1108 639 quos
1136 588 1351 627 videbitur.
1410 588 1475 628 De
1493 588 1565 629 Sili

362 650 571 689 voluntate
591 650 798 688 vendendi
818 656 862 689 et
880 650 932 688 de
954 663 1016 698 e0,
1034 654 1191 702 quanti,
1204 656 1250 690 tu
1267 654 1394 690 vereri
1410 651 1568 700 videris,

363 717 535 764 primum
555 727 608 752 ne
627 713 744 761 nolit,
764 713 915 752 deinde
936 727 987 751 ne
1008 717 1125 752 tanti.
1184 713 1298 752 Sicca
1323 714 1467 761 aliter-3
1493 715 1566 755 sed

361 777 436 814 tibi
455 776 670 815 adsentior.
728 774 878 823 Quare,
900 782 945 815 ut
964 779 1002 814 ei
1022 776 1187 827 placuit,
1206 778 1345 828 scripsi
1363 778 1414 815 ad
1436 778 1567 830 Egna-

361 841 474 877 tium.
533 838 654 887 Quod
683 838 804 877 Silius
832 844 876 877 te
905 851 997 877 cum
1026 838 1168 877 Clodio
1196 839 1305 891 loqui
1331 839 1433 888 vult,
1451 845 1568 891 potes

359 902 401 939 id
432 915 522 939 mea
552 901 764 940 voluntate
798 901 944 949 facere,
976 902 1305 954 commodiusque
1338 909 1402 941 est
1433 895 1568 955 quam,

359 965 467 1016 quod
486 964 556 1003 ille
575 978 599 1003 a
617 978 683 1002 me
704 968 823 1015 petit,
842 978 908 1003 me
929 967 1060 1016 ipsum
1083 966 1258 1004 scribere
1287 966 1338 1005 ad
1368 965 1564 1006 Clodium.

361 1028 424 1066 De
444 1030 654 1079 mancipiis
673 1027 928 1066 Castricianis
951 1028 1319 1068 commodissimum
1339 1043 1428 1068 esse
1445 1030 1567 1070 credo

357 1094 582 1143 transigere
619 1091 855 1141 Egnatium,
887 1091 996 1142 quod
1029 1092 1169 1130 scribis
1206 1097 1250 1131 te
1289 1095 1345 1130 ita
1385 1092 1566 1133 futurum

357 1159 513 1205 putare.
561 1153 662 1192 Cum
680 1154 795 1200 Ovia,
811 1166 975 1205 quaeso,
990 1154 1083 1192 vide
1098 1160 1144 1193 ut
1159 1154 1405 1193 conficiatur.
1453 1154 1564 1204 Quo-

358 1220 478 1263 niam,
497 1222 546 1255 ut
563 1217 718 1263 scribis,
737 1229 816 1254 nox
837 1221 937 1263 erat,
957 1219 999 1254 in
1023 1216 1218 1255 hodierna
1247 1218 1421 1269 epistula
1449 1217 1564 1271 plura

358 1284 561 1331 exspecto.

892 1426 1028 1463 XXXI

756 1519 896 1544 CICERO
926 1519 1066 1545 A'r'rlco
1094 1521 1171 1546 SAL.

74 1597 156 1635 Sor,
184 1597 345 1635 Asturae
415 1588 557 1626 Silium
577 1592 754 1625 mutasse
774 1589 1021 1624 sententiam
1042 1586 1157 1626 Sicca
1171 1588 1403 1628 mirabatur.
1447 1589 1564 1642 Equi-

78 1651 100 1688 I
105 1651 139 1688 V
156 1651 205 1689 Κ.
231 1651 323 1703 Apr.
360 1651 455 1689 dem
474 1653 603 1702 magis
627 1653 760 1697 miror,
787 1649 908 1701 quod,
938 1663 1029 1687 cum
1058 1653 1100 1688 in
1128 1650 1255 1689 filium
1284 1665 1444 1690 causam
1470 1665 1564 1691 con-

74 1720 109 1743 a.
135 1707 211 1745 709

358 1714 499 1760 ferret,
526 1726 630 1766 quae
658 1712 758 1750 mihi
786 1725 869 1750 non
898 1715 1047 1751 iniusta
1076 1713 1238 1752 videtur
1271 1714 1414 1763 (habet
1442 1717 1564 1764 enim,

357 1777 518 1829 qualem
547 1776 667 1826 vult),
693 1778 751 1813 ais
779 1780 823 1813 te
851 1780 1009 1826 putare,
1038 1778 1070 1813 si
1099 1775 1374 1816 addiderimus
1400 1777 1523 1826 aliud,
1542 1792 1565 1817 a

356 1853 437 1891 quo
456 1838 646 1890 refugiat,
666 1851 758 1876 eum
780 1838 832 1875 ab
857 1840 945 1889 ipso
971 1837 1013 1876 id
1038 1838 1164 1876 fuerit
1188 1838 1453 1887 destinatum,
1472 1853 1565 1879 ven—

356 1903 546 1941 diturum.
616 1900 788 1947 Quaeris
824 1914 848 1938 a
885 1914 964 1947 me,
1003 1900 1112 1952 quod
1149 1914 1351 1940 summum
1388 1905 1564 1953 pretium

397 1989 409 2008 ¹
435 1966 879 2028 shuekburgfi'takes'tfii‘s
894 1966 932 2018 as
961 1966 983 2002 ‘⁴‘
998 1966 1158 2018 Itfiink-
1167 1967 1344 2029 *Egnatius
1368 1988 1398 2019 is
1421 1968 1566 2031 mahir—1}

355 2043 376 2065 a
392 2042 478 2073 very
495 2030 585 2073 good
607 2029 791 2071 bargain.”
837 2029 909 2062 But
926 2030 955 2062 it
970 2040 1082 2062 seems
1105 2029 1258 2062 difficult
1275 2034 1313 2063 to
1329 2035 1389 2074 get
1405 2030 1488 2064 that.
1501 2037 1565 2064 out

355 2075 392 2108 of
408 2075 469 2108 the
486 2074 602 2107 Latin.
651 2072 705 2106 cf.
724 2072 800 2105 also
816 2082 882 2105 xit.
903 2074 957 2110 32,
980 2075 1006 2105 1.

397 2120 412 2138 ²
434 2117 563 2151 Others
597 2116 679 2149 take
709 2116 881 2149 destinare
913 2117 996 2149 here
1027 2117 1062 2149 in
1095 2118 1155 2150 the
1195 2117 1359 2151 Plautino
1391 2129 1490 2151 nense
1529 2119 1564 2150 of

354 2162 408 2203 64
