1572 2378
553 141 778 180 MARCUS
817 141 1061 181 TULLIUS
1101 141 1300 180 CICERO

885 280 963 318 XX

718 371 858 397 clcmno
888 372 1028 397 ATTICO
1056 372 1134 397 SAL.

40 435 119 474 Scr.
141 435 179 473 in
379 437 417 476 A
438 438 607 477 Caesare
624 438 782 476 litteras
800 442 936 489 accepi
962 439 1246 478 consolatorias
1264 438 1380 478 datas
1397 438 1527 491 pridie

42 490 226 555 Arpinati,
254 490 287 527 V
288 491 314 528 Ῑ
328 503 416 541 Kal.
448 505 574 542 Maias
604 504 775 554 Hispali.
835 504 898 542 De
921 505 1019 542 urbe
1043 504 1231 555 augenda
1249 504 1345 556 quid
1365 507 1419 544 sit
1437 497 1525 557 pro·-

41 544 166 642 ZZZ
183 545 310 638 207739
325 569 565 620 mulgatum,
580 583 663 607 non
681 569 878 608 intellexi.
938 569 985 607 Id
1006 572 1106 607 scire
1125 582 1222 608 sane
1241 569 1374 608 velim.
1430 569 1527 609 Tor-

163 629 170 636 ’
212 628 219 636 ’
326 640 450 686 quato
481 640 619 673 nostra
650 635 777 672 officia
808 640 924 686 grata
956 648 1044 673 esse
1075 635 1194 673 facile
1231 638 1363 686 patior
1399 648 1527 688 eaque

324 713 474 751 augere
492 714 575 738 non
594 700 788 738 desinam.
837 700 904 738 Ad
922 699 1173 751 Ligarianam
1187 700 1240 739 de
1255 714 1379 740 uxore
1393 701 1526 740 Tube-

322 769 429 804 ronis
449 771 492 804 et
512 769 695 817 privigna
714 779 848 817 neque
867 778 1030 816 possum
1048 769 1128 804 iam
1145 766 1297 805 addere
1316 768 1399 820 (est
1417 770 1526 806 enim

321 830 577 884 pervulgata)
604 845 738 882 neque
766 831 1024 870 Tuberonem
1047 831 1138 869 volo
1160 832 1390 878 offendere;
1417 836 1526 872 miri-

322 897 395 935 fice
433 902 497 934 est
534 900 643 935 enim
682 898 881 944 φιλαίτιος.
957 896 1179 935 Theatrum
1221 897 1387 949 quidem
1427 910 1525 938 sane

322 963 474 1000 bellum
494 963 681 1001 habuisti.
735 963 838 1013 Ego,
858 965 935 1001 etsi
954 963 1031 1000 hoc
1049 962 1138 1001 loco
1158 963 1348 1002 facillime
1366 969 1525 1004 susten-

319 1033 397 1075 tor,
429 1034 568 1066 tamen
605 1034 649 1067 te
686 1029 823 1066 videre
861 1031 990 1080 cupio.
1050 1029 1207 1080 Itaque,
1240 1034 1287 1068 ut
1318 1032 1524 1079 constitui,

318 1094 451 1133 adero.
511 1094 692 1132 Fratrem
718 1094 839 1132 credo
862 1107 886 1132 a
911 1099 956 1132 te
982 1107 1070 1132 esse
1098 1100 1355 1133 conventum.
1413 1094 1524 1135 Scire

319 1162 443 1210 igitur
462 1159 620 1206 studeo,
640 1159 738 1211 quid
759 1162 902 1210 egeris.

374 1224 438 1263 De
467 1225 573 1262 fama
601 1224 700 1261 nihil
731 1237 827 1262 sane
857 1224 1015 1270 laborm
1049 1227 1125 1263 etsi
1154 1227 1390 1276 scripseram
1408 1225 1460 1264 ad
1479 1232 1522 1265 te

321 1296 417 1328 tunc
437 1291 563 1329 stulte
583 1294 608 1313 “
619 1290 719 1327 nihil
741 1290 884 1328 melius
898 1289 920 1303 '⁹
936 1303 946 1335 3
974 1290 1197 1328 curandum
1216 1293 1325 1329 enim
1344 1304 1427 1329 non
1445 1297 1518 1331 est.

319 1356 456 1407 Atque
485 1356 562 1394 hoc
590 1358 670 1393 “in
699 1358 809 1393 omni
834 1358 917 1393 vita
942 1369 1013 1394 sua
1034 1369 1238 1407 quemque
1255 1370 1280 1394 a
1298 1362 1409 1395 reeta
1428 1370 1522 1396 con-

316 1425 487 1460 scientia
514 1427 737 1460 traversum
767 1434 946 1471 unguem
975 1434 1056 1458 non
1084 1426 1247 1472 oportet
1274 1421 1484 1462 discedere
1496 1422 1519 1437 ”

318 1487 439 1525 viden
458 1500 578 1538 quam
599 1486 853 1537 φιλοσόφωςῖ
904 1485 972 1523 An
991 1491 1036 1524 tu
1058 1499 1130 1524 nos
1149 1486 1298 1524 frustra
1317 1490 1521 1527 existimas

317 1553 416 1590 haec
436 1555 477 1590 in
497 1553 681 1590 manibus
701 1551 880 1590 habere?
935 1552 1125 1603 Δεδῆχθαι
1151 1557 1194 1590 te
1223 1552 1388 1600 nollem,
1413 1554 1518 1605 quod

316 1618 417 1656 nihil
438 1623 535 1656 erat.
598 1617 733 1655 Redeo
753 1620 863 1655 enim
882 1630 1016 1655 rursus
1036 1617 1190 1655 eodem.
1240 1617 1520 1670 Quicquamne

316 1697 382 1722 me
401 1689 519 1734 putas
538 1696 678 1721 curare
697 1686 739 1720 in
759 1683 875 1729 toto,¹
897 1685 973 1721 nisi
989 1688 1036 1721 ut
1050 1685 1088 1721 ei
1102 1696 1155 1721 ne
1175 1682 1332 1721 desim?
1381 1684 1427 1722 Id
1443 1698 1521 1737 ago

315 1749 483 1795 scilieet,
497 1753 544 1787 ut
557 1748 705 1786 iudicia
725 1747 862 1785 videar
880 1752 1034 1786 tenere.
1086 1751 1111 1770 “
1125 1749 1192 1799 Μὴ
1212 1749 1283 1799 γὰρ
1302 1749 1518 1791 αὐτοῖς-Γ

318 1813 475 1851 Vellem
494 1819 578 1851 tam
602 1813 823 1851 domestica
851 1812 957 1851 ferre
986 1826 1144 1863 possem
1173 1826 1293 1864 quam
1321 1815 1399 1852 ista
1425 1827 1519 1853 con-

359 1897 372 1917 ¹
395 1898 466 1930 For
481 1898 516 1930 in
534 1902 611 1930 toto
626 1909 732 1939 many
747 1897 954 1938 sufflatione
970 1897 1053 1930 have
1070 1897 1147 1930 been
1162 1898 1263 1930 made
1286 1899 1362 1940 (6.9.
1383 1898 1419 1930 in
1435 1898 1519 1931 Tor-

314 1946 424 2017 2:¹5le
434 1942 478 1974 Μ
478 1942 564 1974 idler
577 1954 584 1974 :
608 1942 643 1973 in
656 1942 768 1974 Bruto
777 1940 958 1981 Schmidt),
970 1942 1042 1973 and
1049 1941 1115 1982 for
1124 1941 1154 1973 ei
1179 1941 1215 1974 W
1215 1941 1332 1974 ielaud
1345 1943 1521 1983 myyeoted

322 2122 398 2155 ¹42
514 2074 527 2095 ¹
551 2074 690 2107 Tubero
707 2085 778 2107 was
795 2074 855 2107 the
872 2077 1079 2117 prosecutor
1094 2074 1131 2107 of
1150 2074 1323 2116 Ligarius.
