1572 2378
560 160 786 198 MARCUS
825 160 1070 199 TULLIUS
1108 161 1309 199 CICERO

330 253 374 291 L.
409 253 612 292 Antonius
642 255 685 291 in
717 253 767 291 D.
802 253 985 302 Brutum,
1014 254 1157 306 reliqui
1188 258 1228 292 in
1260 260 1429 302 nostros,
1457 268 1535 307 ego

327 324 427 376 quid
457 324 600 363 faciam
630 329 702 362 aut
731 338 811 376 quo
840 339 906 363 me
937 331 1056 376 pacto
1085 327 1252 377 geram?
1309 326 1414 365 Mihi
1439 339 1535 365 vero

328 395 599 434 deliberatum
627 401 704 443 est,
732 400 779 434 ut
806 409 915 434 nunc
943 396 1109 448 quidem
1137 401 1214 445 est,
1240 397 1382 436 abesse
1409 409 1460 436 ex
1487 409 1536 435 ea

330 468 442 514 urbe,
471 470 514 505 in
547 481 627 519 qua
658 480 741 505 non
773 467 894 506 modo
926 468 1039 506 florui
1072 482 1164 506 cum
1196 481 1366 517 summa,
1397 481 1534 508 verum

329 542 454 578 etiam
483 541 628 577 servivi
658 552 750 577 cum
779 539 913 590 aliqua
940 539 1166 590 dignitate;
1195 553 1272 579 nec
1299 546 1384 579 tam
1411 543 1535 580 statui

329 623 381 648 ex
402 610 520 648 ltalia
539 612 661 657 exire,
681 609 734 648 de
753 623 833 661 quo
853 616 989 649 tecum
1009 610 1255 659 deliberabo,
1284 624 1405 664 quam
1431 613 1537 651 istuc

330 695 412 720 non
433 684 581 720 venire.

906 787 962 824 VI

728 879 868 904 elcmto
898 879 1039 903 ATTICO
1068 879 1145 905 SAL.

46 953 128 992 Ser,
150 952 189 991 in
220 952 315 991 Tus-
389 945 490 984 Cum
520 945 572 983 ad
602 958 668 984 me
700 946 848 983 Brutus
878 951 1017 984 noster
1044 948 1268 997 scripsisset
1297 951 1340 985 et
1370 946 1538 994 Cassius,

46 1007 178 1046 culam
197 1007 256 1045 VJ
265 1008 314 1045 K·
336 1023 382 1056 ut
413 1018 608 1065 Hirtium,
628 1021 697 1069 qui
721 1017 854 1056 adhuc
876 1018 1005 1056 bonus
1027 1017 1172 1056 fuisset
1190 1017 1384 1070 (sciebam
1406 1030 1540 1071 neque

47 1062 291 1157 gusslgspen
337 1103 430 1127 eum
450 1089 702 1127 confidebam
721 1088 826 1141 fore)
845 1102 936 1127 mea
946 1092 1188 1127 auctoritate
1207 1089 1416 1128 meliorem
1434 1088 1540 1134 face-

73 1146 81 1156 ·
337 1175 421 1200 rem
450 1160 650 1214 (Antonio
678 1166 741 1199 est
769 1164 878 1198 enim
906 1160 1075 1198 fortasse
1104 1163 1253 1208 iratior,
1279 1174 1422 1200 causae
1447 1174 1542 1200 vero

334 1231 629 1283 amicissimus),
647 1237 786 1269 tamen
807 1232 857 1269 ad
878 1245 970 1269 eum
991 1234 1130 1282 scripsi
1153 1234 1272 1283 eique
1297 1231 1540 1283 dignitatem

332 1300 448 1341 Bruti
473 1309 516 1341 et
540 1303 648 1342 Cassi
675 1303 964 1341 commendavi.
1026 1302 1100 1340 llle
1127 1303 1224 1354 quid
1250 1303 1350 1340 mihi
1375 1305 1541 1355 rescrip-

333 1379 463 1422 sisset,
484 1377 585 1413 scire
605 1380 648 1414 te
669 1374 790 1421 volui,
810 1377 842 1412 si
862 1373 967 1412 forte
989 1374 1097 1412 idem
1118 1380 1161 1412 tu
1183 1374 1291 1425 quod
1313 1387 1390 1425 ego
1410 1377 1542 1416 existi-

333 1460 476 1492 mares,
506 1450 603 1484 istos
632 1449 755 1484 etiam
786 1459 893 1483 nunc
922 1449 1065 1492 vereri,
1095 1459 1147 1483 ne
1177 1446 1282 1484 forte
1312 1449 1387 1497 ipsi
1415 1449 1541 1485 nostri

334 1518 423 1569 plus
442 1521 565 1555 animi
586 1517 764 1556 habeant
783 1531 903 1569 quam
924 1517 1088 1555 habent.

632 1637 658 1654 “
672 1645 831 1670 nm'rius
861 1644 1044 1669 CICERONI
1075 1645 1145 1670 SUO
1174 1645 1252 1671 SAL.

387 1717 414 1736 “
425 1713 583 1750 Rurene
600 1714 678 1749 iam
691 1712 892 1758 redierim,
907 1714 1075 1763 quaeris.
1117 1712 1183 1749 An
1197 1725 1285 1762 ego,
1299 1725 1390 1750 cum
1402 1724 1542 1750 omnes

333 1785 507 1832 caleant,
540 1786 739 1834 ignaviter
771 1783 923 1834 aliquid
962 1782 1134 1820 faciam?
1191 1782 1326 1821 Etiam
1359 1796 1409 1821 ex
1442 1784 1541 1823 urbe

334 1868 422 1893 sum
445 1854 664 1906 profectus,
688 1855 827 1893 utilius
853 1857 963 1893 enim
990 1857 1113 1892 statui
1142 1855 1294 1892 abesse.
1354 1854 1442 1893 Has
1465 1855 1540 1894 tibi

333 1926 491 1964 litteras
521 1928 660 1964 exiens
690 1928 732 1963 in
762 1925 1034 1963 Tusculanum
1069 1928 1218 1976 scripsi.
1278 1925 1371 1963 Noli
1403 1930 1540 1965 autem

330 2005 398 2035 me
431 2002 515 2035 tam
549 2002 760 2035 strenuum
794 2002 952 2047 putare,
985 2002 1031 2034 ut
1064 1996 1116 2034 ad
1156 1996 1292 2034 Nonas
1326 2009 1538 2035 recurram.

336 2068 447 2106 Nihil
469 2071 577 2106 enim
597 2071 675 2105 iam
698 2067 814 2105 video
834 2081 934 2119 opus
955 2080 1041 2105 esse
1064 2073 1198 2106 nostra
1224 2081 1331 2114 cura,
1351 2070 1538 2120 quoniam

335 2143 412 2177 312
