1572 2378
567 165 792 204 MARCUS
833 166 1077 206 TULLIUS
1117 167 1317 207 CICERO

332 254 511 300 nomine,
530 252 639 304 quod
667 252 768 291 mihi
795 257 1050 304 suppetiatus
1079 256 1148 302 es‚¹
1179 257 1452 306 gratissimum
1476 261 1542 296 est

333 322 377 355 et
395 317 525 355 simile
546 322 708 356 tuorum
729 321 921 357 omnium.
979 318 1061 357 Sed
1091 333 1168 371 ego
1199 320 1367 359 Erotem
1391 320 1444 359 ad
1463 323 1542 360 ista

332 383 589 434 expedienda
626 383 778 422 factum
816 384 916 422 mihi
954 384 1120 423 videbar
1156 385 1390 438 reliquisse3
1428 388 1541 425 cuius

331 461 413 486 non
446 451 534 487 sine
566 462 715 500 magna
746 449 866 500 culpa
898 449 1147 490 vacillarunt.
1214 450 1298 490 Sed
1329 464 1422 490 cum
1452 453 1541 504 ipso

330 513 479 553 videro.

386 579 450 618 De
471 579 683 627 Montano,
702 585 750 618 ut
768 593 889 631 saepe
911 580 964 618 ad
989 585 1033 619 te
1059 584 1211 632 scripsi,
1241 584 1320 621 erit
1346 583 1424 621 tibi
1449 587 1538 622 tota

329 656 393 683 res
431 657 561 684 curae.
637 645 799 684 Servius
835 646 1091 696 proficiscens
1128 647 1236 698 quod
1273 647 1539 699 desperanter

330 715 466 748 tecum
493 710 653 749 locutus
678 716 754 759 est,
780 714 947 750 minime
969 714 1091 750 miror
1110 726 1244 764 neque
1265 716 1303 752 ei
1322 716 1536 766 quicquam

329 778 371 812 in
401 775 686 826 desperatione
716 777 905 816 concedo.
966 778 1115 816 Brutus
1145 784 1297 826 noster,
1324 779 1536 831 singularis

329 843 400 888 vir,
420 843 454 879 si
472 844 515 879 in
534 847 721 880 senatum
740 856 822 880 non
843 848 907 882 est
934 843 1021 883 Kal.
1048 843 1175 881 Iuniis
1203 850 1409 895 venturus,
1438 845 1534 897 quid

327 905 507 945 facturus
536 910 591 945 sit
619 910 662 945 in
692 907 792 956 foro,
821 911 968 946 nescio.
1036 908 1119 947 Sed
1152 909 1229 948 hoc
1259 913 1346 961 ipse
1378 910 1534 950 melius.

329 971 418 1023 Ego
448 985 497 1010 ex
527 974 589 1020 iis,
619 986 723 1025 quae
754 976 884 1025 parari
915 974 1046 1022 video,
1075 988 1158 1013 non
1187 975 1363 1014 multum
1396 976 1534 1015 Idibus

329 1036 488 1076 Martiis
506 1038 734 1088 profectum
754 1038 899 1078 iudico.
959 1039 1103 1091 Itaque
1123 1039 1175 1078 de
1197 1040 1367 1079 Graecia
1385 1041 1534 1080 cotidie

326 1105 455 1153 magis
484 1108 529 1142 et
557 1106 686 1154 magis
716 1107 863 1155 cogito.
922 1104 1011 1143 Nec
1039 1107 1149 1143 enim
1179 1105 1305 1144 Bruto
1333 1119 1437 1154 meo,
1465 1119 1535 1146 ex-

325 1167 459 1206 silium
479 1174 526 1207 ut
543 1170 684 1207 scribit
701 1172 789 1220 ipse
811 1170 1043 1216 meditanti,
1071 1170 1190 1209 video
1218 1171 1316 1222 quid
1342 1171 1534 1223 prodesse

325 1236 484 1285 possim.
543 1234 750 1273 Leonidae
770 1248 836 1273 me
854 1235 1018 1274 litterae
1038 1249 1121 1274 non
1140 1239 1237 1274 satis
1261 1235 1530 1276 delectarunt.

326 1298 391 1337 De
426 1299 594 1338 Herode
627 1301 702 1338 tibi
734 1300 952 1339 adsentior.
1011 1300 1148 1339 Saufei
1185 1301 1334 1352 legisse
1371 1301 1530 1341 vellem.

326 1364 414 1415 Ego
433 1377 483 1403 ex
505 1364 750 1417 Pompeiano
769 1378 808 1404 vr
829 1366 927 1405 Idus
948 1366 1042 1405 Mai.
1063 1368 1302 1418 cogitabam.

879 1532 977 1570 XIX

774 1627 914 1652 CICERO
943 1628 1096 1654 ATTICO.

41 1696 121 1735 Scr.
140 1695 179 1734 in
198 1696 310 1734 Pom·
383 1696 511 1734 Nonis
531 1695 648 1734 Maiis
666 1708 759 1734 cum
779 1708 910 1734 essem
929 1699 971 1734 in
994 1696 1250 1748 Pompeiano,
1263 1700 1403 1748 accepi
1418 1699 1532 1737 binas

38 1750 174 1801 Ρθὶαηθ
202 1750 311 1811 ‘VIII
327 1772 350 1795 a
376 1764 419 1797 te
444 1759 615 1806 litteras,
642 1758 791 1798 alteras
818 1764 934 1798 sexto
964 1759 1044 1807 die,
1074 1760 1222 1799 alteras
1251 1766 1406 1812 quarto.
1463 1760 1531 1800 Ad

44 1803 218 1898 nga‘·
241 1818 275 1844 α·
326 1826 553 1875 superiores
570 1827 695 1875 igitur
713 1827 833 1875 prius.
882 1823 1016 1872 Quam
1034 1824 1134 1862 mihi
1152 1824 1374 1863 iucundum
1387 1837 1531 1878 oppor-

327 1895 428 1928 tune
446 1890 522 1928 tibi
542 1890 768 1928 Barnaeum
787 1890 945 1928 litteras
963 1889 1187 1928 reddidisse
1203 1891 1212 1928 !

378 1955 440 1993 Tu
471 1968 566 1993 vero
596 1968 688 1994 cum
719 1955 854 1993 Cassio
882 1960 931 1993 ut
959 1960 1107 1995 cetera.
1165 1954 1298 2003 Quam
1320 1955 1530 1995 commode

322 2025 474 2068 autem,
505 2021 614 2072 quod
643 2020 686 2059 id
716 2023 861 2071 ipsum,
891 2020 1000 2072 quod
1029 2033 1096 2059 me
1125 2033 1281 2068 mones,
1307 2020 1531 2072 quadriduo

354 2101 406 2187 ,ἡ
424 2102 650 2145 suppetiatus
669 2113 705 2135 es
722 2102 1003 2144 Moncaynanm:
1028 2101 1280 2145 suspendimus
1294 2105 1350 2135 est
1363 2101 1468 2135 MSS.

326 2151 350 2185 2
