1572 2378
559 175 787 214 MARCUS
827 176 1073 216 TULLIUS
1109 177 1310 217 CICERO

327 279 374 313 ut
401 287 484 312 non
512 274 663 314 habeat
692 275 845 328 aliquid
874 290 1023 317 morae.
1085 277 1187 317 Cum
1213 281 1367 331 poteris
1396 282 1533 333 igitur.

327 350 530 398 Quoniam
558 352 783 389 etiamnum
811 352 922 399 abes,
958 351 1211 401 Dicaearchi,
1245 367 1345 406 quos
1380 355 1533 405 scribis,

327 424 447 463 libros
466 437 564 463 sane
584 424 706 463 velim
724 427 781 463 mi
799 428 953 474 mittas,
971 426 1096 465 addas
1116 430 1239 466 etiam
1259 429 1518 480 καταβάσεως.

381 499 444 537 De
467 499 642 550 epistula
660 499 712 537 ad
733 499 946 539 Caesarem
966 501 1137 553 κέκρικα;
1165 504 1278 554 atqui
1290 501 1308 528 ¹
1326 502 1370 541 id
1386 505 1532 555 ipsum,

323 572 432 624 quod
451 574 518 612 isti
536 575 653 611 aiunt
671 573 786 612 illum
805 575 995 623 scribere,
1007 588 1051 614 se
1066 578 1142 614 nisi
1161 579 1393 616 constitutis
1413 579 1531 618 rebus

322 660 406 685 non
432 649 585 686 iturum
613 650 656 686 in
687 647 870 697 Parthos,
897 648 1007 688 idem
1038 662 1116 701 ego
1145 650 1364 690 suadebam
1391 654 1434 690 in
1460 651 1531 691 illa

322 721 506 773 epistula.
577 721 727 761 Utrum
755 722 918 771 liberet,
947 722 1082 763 facere
1111 737 1229 775 posse
1257 730 1421 765 auctore
1449 739 1527 767 me.

324 797 416 834 Hoc
435 799 544 835 enim
563 796 634 835 ille
653 801 866 848 exspectat
884 797 1077 836 videlicet
1097 811 1232 850 neque
1260 804 1324 838 est
1350 799 1530 841 facturus

321 873 537 923 quicquam
565 873 643 908 nisi
665 870 719 909 de
741 884 834 909 meo
862 871 1040 910 consilio.
1099 871 1294 921 Obsecro,
1311 873 1528 914 abiciamus

320 948 397 984 ista
416 950 460 983 et
479 944 698 983 semiliberi
722 944 865 983 saltem
893 947 1041 992 simus;
1070 945 1179 998 quod
1197 945 1467 1000 adsequemur
1484 954 1528 989 et

320 1018 495 1058 tacendo
514 1023 559 1057 et
576 1018 756 1057 latendo.

374 1092 456 1132 Sed
483 1092 710 1144 adgredere
738 1091 962 1141 Othonem,
991 1099 1039 1133 ut
1066 1095 1216 1134 scribis.
1274 1095 1448 1146 Confice,
1469 1101 1526 1137 mi

319 1167 472 1213 Attice,
492 1169 610 1205 istam
631 1179 728 1205 rem.
787 1166 902 1205 Nihil
930 1170 1040 1206 enim
1067 1168 1176 1207 aliud
1204 1172 1375 1221 reperio,
1395 1171 1465 1211 ubi
1482 1178 1527 1212 et

318 1245 361 1280 in
379 1241 467 1280 foro
485 1255 568 1280 non
587 1244 662 1280 sim
682 1246 727 1280 et
744 1246 883 1280 tecum
899 1255 987 1281 esse
1001 1245 1162 1294 possim.
1202 1243 1356 1292 Quanti
1374 1250 1525 1295 autem,

317 1315 394 1354 hoc
423 1314 525 1353 mihi
554 1317 668 1353 venit
696 1317 740 1352 in
770 1320 963 1354 mentem.
1022 1315 1064 1354 C.
1099 1316 1294 1357 Albanius
1322 1323 1525 1370 proximus

317 1394 382 1428 est
399 1391 564 1428 vicinus.
623 1389 663 1428 ls
683 1401 743 1428 cm
762 1391 948 1441 iugerum
967 1390 1019 1428 de
1040 1391 1095 1429 M.
1120 1390 1221 1430 Pilio
1238 1395 1351 1441 emit,
1370 1399 1417 1434 ut
1434 1408 1526 1435 mea

316 1466 509 1503 memoria
528 1468 604 1511 est,
626 1463 698 1502 HS
717 1469 803 1502 cTV.
861 1463 1011 1502 Omnia
1029 1465 1184 1504 scilicet
1210 1479 1320 1506 nunc
1346 1470 1522 1508 minoris.

316 1537 400 1577 Sed
425 1536 586 1576 accedit
614 1537 827 1588 cupiditas,
855 1539 898 1575 in
927 1551 1006 1589 qua
1033 1543 1196 1589 praeter
1214 1538 1423 1580 Othonem
1440 1555 1523 1582 non

315 1616 416 1663 puto
452 1624 526 1650 nos
563 1611 690 1649 ullum
728 1611 1001 1650 adversarium
1039 1611 1257 1652 habituros.
1314 1613 1396 1654 Sed
1429 1629 1523 1655 eum

315 1689 447 1737 ipsum
476 1689 522 1723 tu
555 1687 708 1736 poteris
745 1698 922 1732 movere,
951 1685 1108 1724 facilius
1138 1689 1276 1734 etiam,
1304 1689 1337 1726 si
1369 1688 1521 1728 Canum

314 1759 496 1798 haberes.
568 1757 606 1797 Ο
644 1757 781 1809 gulam
819 1758 1034 1797 insulsam!
1111 1759 1245 1798 Pudet
1280 1773 1347 1799 me
1383 1763 1519 1812 patris.

317 1833 539 1881 Rescribes,
558 1835 591 1871 si
611 1832 710 1884 quid
730 1831 851 1872 voles.

595 1942 610 1966 ¹
630 1944 732 1988 atqui
756 1944 970 1987 Wesenberqa
993 1948 1102 1989 atque
1121 1945 1226 1980 MSS.

316 2161 391 2201 172
