1572 2378
66 464 144 501 Scr.
172 463 209 500 in.
244 461 336 499 Τυκ-

580 167 805 206 MARCUS
844 147 1090 207 ‘sumnus
1128 164 1340 210 CICERO,
1371 208 1374 209 ⁷
1424 205 1427 209 ,

896 305 1017 342 XVla

517 395 556 420 M.
584 395 724 420 CICERO
754 394 785 420 1..
815 393 963 419 PLANCO
993 393 1132 419 PRAET.
1165 393 1287 418 Dsssw.
1317 393 1395 418 SAL.

410 460 537 498 Attici
558 462 685 497 nostri
703 464 746 497 te
773 458 889 496 valde
917 458 1142 495 studiosum
1161 470 1250 495 esse
1268 458 1452 506 cognovi,
1479 457 1558 494 mei

67 517 197 555 calano
215 518 339 555 &ulem
358 539 452 563 vero
470 528 527 563 ita
546 524 748 575 cupidum,
771 530 817 562 ut
835 523 1069 562 mehercule
1094 535 1242 574 paucos
1267 535 1398 573 aeque
1424 521 1560 561 obser-

66 577 226 623 tempore

357 596 498 629 vantes
531 595 655 642 atque
686 595 870 627 amantes
901 602 968 627 me
1001 588 1152 626 habere
1184 589 1424 626 existimem.
1491 586 1558 625 Ad

352 663 542 708 paternas
561 658 671 694 enim
704 669 871 706 magnas
901 660 945 693 et
971 660 1132 693 veteres
1160 659 1205 692 et
1231 656 1357 692 iustas
1384 655 1556 692 necessi-

352 723 516 761 tudines
553 735 742 773 magnam
780 721 921 759 attulit
957 723 1229 758 accessionem
1266 723 1339 757 tua
1375 715 1559 758 voruntas

351 802 449 839 erga
467 801 533 826 me
551 800 724 838 meaque
744 800 841 837 erga
859 792 903 825 te
923 799 995 837 par
1013 791 1136 837 atque
1157 789 1307 824 mutua.

394 853 620 892 -Buthrotia
653 853 727 890 tibi
762 865 880 890 causa
913 854 1053 902 ignota
1083 864 1165 888 non
1196 855 1270 888 est.
1339 849 1415 900 Egi
1449 852 1557 888 enim

350 933 472 970 saepe
491 919 544 957 de
560 933 608 957 ea
622 932 666 957 re
685 924 823 956 tecum
842 919 1000 968 tibique
1014 922 1144 955 totam
1161 929 1246 954 rem
1261 907 1559 960 demonstravi}

350 998 454 1036 quae
486 990 550 1023 est
581 989 672 1022 acta
702 983 779 1021 hoc
810 983 941 1021 modo.
1002 982 1061 1021 Ut
1091 984 1265 1032 primum
1300 974 1558 1019 Buthrotium

350 1064 490 1101 agrum
511 1053 780 1102 proscriptum
800 1048 983 1095 vidimus,
1005 1052 1229 1085 commotus
1252 1045 1415 1085 Atticus
1441 1044 1559 1084 libel-

351 1117 435 1154 lum
455 1118 691 1166 composuit.
751 1115 854 1152 Eum
875 1113 974 1151 mihi
998 1113 1125 1159 dedit,
1148 1117 1194 1150 ut
1216 1111 1355 1150 darem
1378 1110 1535 1151 Caesari
1548 1124 1559 1158 ;

351 1195 460 1220 eram
481 1185 590 1219 enim
611 1187 827 1219 cenaturus
847 1179 954 1230 apud
975 1192 1069 1216 eum
1088 1177 1159 1216 illo
1178 1177 1256 1216 die.
1316 1177 1420 1215 Eum
1442 1175 1559 1216 libel-

351 1247 435 1284 lum
456 1247 614 1284 Caesari
633 1246 741 1284 dedi.
795 1246 983 1283 Probavit
1002 1257 1172 1291 causam,
1196 1245 1401 1294 rescripsit
1419 1242 1559 1282 Attico

351 1326 479 1363 aequa
505 1326 596 1350 eum
624 1311 839 1362 postulare,
864 1311 1075 1349 admonuit
1102 1315 1256 1356 tamen,
1277 1314 1322 1347 ut
1346 1311 1558 1359 pecuniam

352 1378 547 1429 reliquam
574 1377 777 1415 Buthrotii
804 1376 855 1414 ad
883 1376 992 1414 diem
1014 1376 1229 1414 solverent.
1287 1374 1462 1421 Atticus,
1489 1377 1558 1426 qui

352 1446 558 1482 civitatem
585 1448 861 1480 conservatam
889 1446 1068 1492 cuperet,
1091 1442 1305 1491 pecuniam
1332 1441 1559 1478 numeravit

351 1511 403 1549 de
424 1524 505 1548 suo.
564 1509 683 1556 Quod
711 1522 802 1546 cum
829 1513 937 1545 esset
962 1507 1125 1555 factum,
1147 1506 1318 1544 adiimus
1339 1505 1391 1544 ad
1417 1505 1558 1544 Caesa·

353 1590 449 1623 rem,
485 1575 607 1613 verba
644 1574 814 1612 fecimus
852 1586 924 1624 pro
963 1572 1196 1618 Buthrotiis,
1236 1569 1572 1610 liberalissimum

352 1642 563 1679 decretum
591 1639 853 1684 abstulimus;
883 1638 992 1690 quod
1021 1643 1084 1676 est
1111 1638 1369 1687 obsignatum
1396 1637 1448 1674 ab
1474 1649 1559 1675 am-

354 1708 540 1758 plissimis
555 1709 658 1744 viris.
705 1705 820 1752 Quae
836 1718 927 1743 cum
942 1709 1080 1742 essent
1097 1708 1198 1750 aeta,
1216 1704 1350 1741 mirari
1368 1700 1572 1757 equidem-42

354 1774 532 1811 solebam
569 1774 654 1824 pati
692 1771 903 1809 Caesarem
941 1772 1158 1808 convenire
1197 1781 1278 1816 eos,
1310 1770 1379 1820 qui
1416 1780 1572 1823 αετιιιῃξ

356 1838 614 1877 Buthrotium
629 1839 923 1887 concupissent,
942 1848 1076 1887 neque
1091 1834 1219 1873 solum
1235 1836 1330 1884 pati,
1347 1832 1419 1871 sed
1434 1823 1572 1950 aba

354 1908 390 1942 ei
424 1906 591 1954 negotio
623 1909 666 1941 te
700 1902 929 1953 praeficere.
999 1901 1144 1952 ltaque
1177 1905 1221 1939 et
1254 1913 1332 1950 ego
1364 1912 1456 1937 cum
1487 1897 1518 1937 il
1539 1898 1554 1953 ’ἲ

353 1970 510 2007 locutus
539 1982 627 2007 sum
658 1973 702 2006 et
732 1969 890 2018 saepius
919 1966 1094 2018 quidem,
1127 1970 1174 2003 ut
1202 1967 1324 2003 etiam
1353 1977 1449 2002 accu
1545 2006 1557 2011 θ

352 2037 403 2073 ab
432 2048 494 2082 eo,
524 2034 632 2086 quod
665 2047 804 2084 parum
834 2034 1085 2070 constantiae
1113 2044 1208 2069 suae
1238 2029 1493 2076 confiderem,
1514 2018 1563 2068 e³

355 2101 410 2139 M.
435 2099 648 2138 Messallae
670 2104 713 2137 et
732 2101 806 2150 ipsi
829 2098 967 2135 Attico
987 2097 1100 2144 dixit,
1123 2101 1169 2134 ut
1188 2098 1274 2134 sine
1296 2107 1390 2133 cura
1408 2106 1525 2134 essen
1558 2095 1564 2143 j

356 2159 433 2192 4⁶28

1552 2313 1572 2378 Ξ·
