1572 2378
550 145 777 185 MARCUS
815 146 1060 187 TULLIUS
1101 149 1302 188 CICERO

320 244 455 270 meum
483 234 611 284 κωφὸν
638 233 844 284 πρόσωπον
872 241 991 276 esset.
1051 236 1144 275 Hoc
1169 239 1212 275 in
1236 240 1414 290 antiquis
1434 251 1524 290 per-

319 300 425 335 sonis
444 301 622 337 suaviter
641 299 699 346 fit,
718 305 766 338 ut
785 306 829 339 et
849 301 1091 340 Heraclides
1110 304 1153 340 in
1171 302 1311 342 multis
1329 307 1374 342 et
1391 316 1465 343 nos
1481 306 1524 343 in

320 376 356 400 v¹
378 364 467 402 “de
487 377 530 403 re
550 365 712 415 publica
726 365 747 379 '’
775 366 887 405 libris
910 367 1092 406 fecimus.
1150 367 1256 407 Sunt
1283 371 1407 408 etiam
1433 369 1524 409 “de

318 435 475 469 oratore
490 431 512 444 ”
533 435 660 470 nostri
680 437 764 472 tres
783 433 884 471 mihi
903 434 1172 473 vehementer
1187 437 1358 486 probati.
1403 435 1453 474 In
1466 438 1524 476 eis

318 509 478 547 quoque
506 510 580 536 eae
608 511 804 549 personae
833 504 942 547 sunt,
962 505 1009 538 ut
1027 500 1127 538 mihi
1149 500 1370 540 tacendum
1387 501 1521 542 fuerit.

318 561 480 600 Crassus
526 565 636 601 enim
681 563 871 615 loquitur,
918 564 1135 612 Antonius,
1183 565 1349 606 Catulus
1384 579 1523 616 senex,

317 626 358 665 C.
383 627 520 675 Iulius,
546 627 672 666 frater
701 628 848 677 Catuli,
877 629 1008 678 Cotta,
1039 630 1250 683 Sulpicius.
1310 631 1439 671 Puero
1455 645 1523 672 me

316 692 381 731 hic
410 705 543 731 sermo
572 694 792 741 inducitur,
823 700 869 733 ut
898 695 1035 735 nullae
1069 710 1157 736 esse
1189 703 1356 748 possent
1386 703 1523 750 partes

314 771 440 797 meae.
499 759 616 807 Quae
643 765 781 798 autem
812 760 874 799 his
902 762 1155 813 temporibus
1174 765 1326 814 scripsi,
1347 763 1522 815 ’Apta-ro·

313 825 456 863 τέλειον
492 838 647 864 morem
683 826 851 874 habent,
883 829 925 865 in
956 840 1037 879 quo
1067 841 1199 867 sermo
1229 831 1288 868 ita
1316 829 1522 870 inducitur

313 894 554 938 ceterorum,
573 895 620 929 ut
639 904 766 942 penes
784 894 916 942 ipsum
944 894 998 931 sit
1025 896 1294 945 principatus)
1345 894 1410 934 Ita
1426 907 1521 934 con-

313 954 391 993 feci
420 959 600 1007 quinque
628 956 749 995 libros
777 959 862 1008 περὶ
889 961 1019 1007 τελῶν,
1049 964 1096 998 ut
1125 960 1324 1011 Epicurea
1351 959 1396 999 L.
1422 960 1519 1000 Tor-

312 1027 449 1073 quato,
465 1022 600 1061 Stoica
616 1022 671 1060 M.
688 1023 844 1070 Catoni,
861 1027 1130 1076 περιπατητικό.
1146 1027 1202 1064 Μ.
1219 1025 1353 1064 Pisoni
1366 1026 1516 1065 darem.

312 1089 616 1138 Ἀζηλοτύπητον
634 1087 676 1126 id
695 1088 782 1126 fore
803 1094 1001 1139 putaram,
1017 1090 1126 1142 quod
1142 1104 1283 1130 omnes
1302 1091 1361 1129 illi
1379 1091 1519 1131 deces-

310 1159 458 1192 serant.
518 1153 635 1191 Haec
674 1154 995 1203 “Academica,”
1034 1161 1083 1195 ut
1114 1159 1203 1205 scis,
1236 1171 1329 1196 cum
1361 1157 1518 1206 Catulo,

313 1219 494 1266 Lucullo,
529 1219 753 1258 Hortensio
789 1221 1053 1259 contuleram.
1111 1222 1218 1262 Sane
1251 1225 1294 1261 in
1327 1237 1518 1274 personas

309 1298 392 1324 non
415 1285 640 1331 cadebant3
679 1291 796 1324 erant
826 1289 935 1324 enim
963 1289 1204 1340 λογικώτερα,
1234 1302 1355 1341 quam
1383 1294 1431 1328 ut
1456 1289 1514 1328 illi

309 1351 361 1390 de
380 1353 428 1389 iis
448 1353 666 1390 somniasse
687 1364 875 1403 umquam
898 1353 1145 1392 viderentur.
1195 1353 1355 1406 Itaque,
1368 1360 1416 1394 ut
1432 1355 1514 1408 legi

308 1422 398 1455 tuas
427 1417 479 1455 de
509 1417 701 1464 Varrone,
730 1422 936 1469 tamquam
967 1419 1118 1469 ἕρμαιον
1148 1422 1308 1471 arripui.
1367 1420 1515 1472 Aptius

308 1495 396 1521 esse
425 1482 526 1520 nihil
556 1485 691 1533 potuit
718 1482 770 1520 ad
799 1482 841 1521 id
869 1483 1148 1535 philosophiae
1177 1499 1322 1536 genus,
1340 1499 1421 1538 quo
1444 1486 1514 1526 ille

306 1551 480 1586 maxime
499 1547 600 1589 mihi
620 1547 816 1586 delectari
836 1549 1009 1597 videtur,
1030 1563 1178 1602 easque
1198 1556 1344 1602 partes,
1366 1556 1414 1606 ut
1431 1565 1514 1592 non

305 1616 380 1652 sim
401 1619 654 1660 consecutus,
670 1619 717 1652 ut
732 1617 913 1664 superior
927 1628 1018 1652 mea
1032 1628 1151 1654 causa
1165 1616 1360 1655 videatur.
1408 1617 1514 1658 Sunt

306 1682 415 1717 enim
442 1678 708 1717 vehementer
736 1681 872 1719 πιθανὰ
901 1680 1143 1727 Antiochia3
1171 1695 1274 1734 quae
1293 1681 1513 1734 diligenter

304 1758 328 1782 a
359 1758 426 1783 me
464 1757 654 1795 expressa
689 1758 863 1783 acumen
900 1745 1055 1784 habent
1092 1746 1300 1795 Antiochi,
1336 1750 1511 1788 nitorem

303 1813 494 1848 orationis
531 1815 729 1858 nostrum,
758 1813 791 1848 si
822 1810 943 1848 modo
973 1813 1006 1849 is
1040 1817 1104 1850 est
1135 1811 1280 1864 aliquis
1309 1815 1352 1851 in
1381 1814 1508 1853 nobis.

303 1876 385 1915 Sed
418 1881 478 1923 tu,
510 1875 719 1913 dandosne
758 1881 878 1926 putes
911 1875 984 1914 hos
1017 1876 1139 1915 libros
1174 1877 1355 1926 Varroni,
1385 1881 1507 1918 etiam

301 1947 425 1994 atque
445 1943 568 1980 etiam
588 1940 753 1979 videbis.
813 1940 917 1979 Mihi
945 1942 1144 1993 quaedam
1168 1949 1407 1990 occurrunt3
1435 1945 1506 1983 sed

302 2020 349 2046 ea
368 2020 512 2045 coram.

307 2130 382 2166 140
