1572 2378
57 1380 134 1418 Ser.
153 1381 269 1432 paulo

56 1439 138 1487 post
160 1449 216 1487 ep.
240 1435 314 1473 16c

571 165 797 205 MARCUS
835 165 1082 205 TULLIUS
1120 165 1322 206 CICERO

342 254 521 293 Caesaris
549 253 716 293 decreta
744 259 788 292 et
817 267 1019 305 responsa,
1039 267 1121 292 non
1145 254 1277 293 dicam
1302 246 1534 312 comprwgf

343 325 415 363 sed
447 324 628 363 studiose
666 325 924 376 libenterque
963 325 1209 376 comprobes.
1280 325 1330 364 Id
1361 324 1463 366 mihi

342 400 422 435 erit
451 402 625 448 gratum,
655 401 704 434 ut
732 395 844 434 nulla
873 409 938 435 res
966 399 1119 447 gratior
1148 409 1237 436 esse
1265 399 1403 448 possit.
1436 413 1439 414 ⁷

342 470 422 505 iam
441 468 664 519 sperabam,
684 480 776 505 curn
796 467 868 505 has
887 467 1045 506 litteras
1062 470 1299 519 accepisses,
1317 467 1405 508 fore
1422 474 1473 510 nt

343 552 448 590 quae
467 539 738 590 superioribus
763 537 911 576 litteris
938 551 963 575 a
989 543 1033 577 te
1061 541 1316 589 petissemus,
1333 541 1443 592 impe

344 615 494 656 essent,
514 615 653 648 tamen
672 622 755 647 non
774 608 919 647 faciam
937 609 1060 648 finem
1080 610 1261 661 rogandi,
1279 606 1487 664 quoad3a³

343 683 578 719 nuntiatum
607 682 687 719 erit
714 685 758 718 te
788 680 831 718 id
860 680 1018 727 fecisse,
1046 681 1152 732 quod
1183 694 1331 733 magna
1355 666 1474 725 cums
1496 663 1549 740 1⁹3³ss

343 757 635 803 exspectamus.
705 751 869 790 Deinde
916 754 1025 790 enim
1069 752 1228 791 confido
1263 751 1350 792 fore
1389 749 1464 793 utJ·

343 837 495 875 genere
534 824 761 862 litterarum
799 828 961 862 utamur
995 825 1152 876 tibique
1184 837 1257 876 pro
1287 829 1362 864 tuo
1391 814 1547 883 sumi,

342 895 540 933 beneficio
568 897 717 945 gratias
747 907 924 945 agamus.
983 894 1102 942 Quod
1133 898 1165 933 si
1194 895 1403 946 acciderit,
1423 894 1554 942 ’νεΙΪυ

342 969 398 1004 sic
419 968 637 1012 existimes,
659 979 740 1003 non
760 967 835 1004 tibi
854 971 939 1004 tam
961 966 1160 1014 Atticum,
1188 969 1302 1006 cuius
1327 980 1455 1019 perm
1476 988 1487 1015 L

341 1050 405 1076 res
424 1039 571 1088 agitur,
591 1050 711 1087 quam
729 1050 810 1083 me,
829 1039 900 1088 qui
918 1051 998 1074 non
1019 1039 1151 1075 minus
1170 1037 1307 1077 laboro
1325 1051 1447 1091 quam
1465 1033 1563 1095 ill&

340 1108 565 1159 obligatum
583 1108 682 1148 fore.
1536 1104 1538 1106 μ
1556 1097 1559 1099 μ

716 1305 856 1330 elcsno
884 1305 1067 1330 CAPrroxl
1097 1306 1176 1333 SAL.

395 1380 487 1418 Non
507 1380 663 1427 dubito,
683 1382 782 1431 quin
804 1382 949 1418 mirere
974 1385 1097 1432 atque
1126 1383 1250 1419 etiam
1277 1381 1557 1443 stomacherqf

340 1452 447 1503 quod
478 1457 615 1489 tecum
645 1451 696 1489 de
728 1450 872 1489 eadem
902 1463 945 1489 re
975 1465 1093 1502 agam
1124 1454 1293 1503 saepius.
1359 1450 1549 1508 Homini?

338 1523 635 1561 familiarissimi
665 1527 708 1560 et
736 1522 835 1560 mihi
864 1524 1050 1561 omnibus
1079 1523 1198 1562 rebus
1231 1515 1541 1578 coniunctissiſj'

340 1607 560 1645 permagna
579 1607 641 1632 res
661 1597 807 1645 agitur,
829 1594 968 1633 Attici.
1029 1594 1207 1646 Cognovi
1228 1609 1306 1647 ego
1323 1601 1396 1635 tua
1413 1588 1553 1648 stu-vs*

340 1669 382 1703 in
401 1668 562 1711 amicos,
584 1667 707 1703 etiam
726 1668 769 1702 in
787 1670 831 1704 te
851 1667 1080 1704 amicorum.
1141 1666 1318 1705 Multum
1338 1673 1467 1722 potes*x
1485 1682 1527 1704 υ.

340 1736 448 1787 apud
490 1737 680 1775 Plancum
718 1738 864 1775 iuvare.
935 1737 1038 1774 Novi
1076 1737 1375 1778 humanitatem
1409 1726 1479 1778 tus²

342 1810 436 1854 scio,
465 1821 585 1858 quam
615 1810 667 1845 sis
695 1809 833 1845 amicis
861 1807 1071 1846 iucundus.
1130 1808 1263 1848 Nemo
1294 1822 1368 1849 nos
1399 1812 1443 1849 in
1464 1805 1546 1854 .-³·‘3:

340 1893 457 1916 causa
490 1879 578 1930 plus
610 1881 744 1917 iuvare
775 1883 913 1929 potest
943 1892 1063 1930 quam
1093 1884 1151 1919 tu.
1218 1880 1274 1919 Et
1302 1893 1367 1920 res
1397 1883 1465 1921 iia·

340 1950 463 1996 firma,
484 1955 531 1988 ut
550 1950 676 1987 debet
700 1962 800 1997 esse,
829 1963 950 2001 quam
979 1949 1164 1988 consules
1191 1950 1244 1989 de
1273 1951 1428 1991 consilii

339 2024 470 2059 tentia
491 2021 774 2067 decreverunt,
794 2034 885 2058 cum
913 2026 956 2059 et
982 2021 1075 2072 lege
1101 2026 1146 2060 et
1170 2027 1334 2060 senatus
1363 2035 1459 2062 cons

339 2097 633 2139 cognoscerent
684 2090 838 2129 Tamen
854 2094 988 2129 omnia
1004 2094 1133 2143 posita
1148 2098 1336 2143 putamus
1352 2096 1392 2132 in
1412 2093 1442 2131 P
1487 2100 1490 2102 ’
1511 2091 1532 2096 ”’

341 2150 418 2183 440
