1572 2378
21 494 99 532 Ser.
124 492 291 531 Puteolis

531 142 758 182 MARCUS
797 143 1042 184 TULLIUS
1081 145 1281 184 CICERO

844 312 982 350 XIIIb

620 413 760 437 CICERO
790 413 965 438 ANTONIO
995 415 1071 441 COS.
1103 415 1131 440 8.
1165 415 1200 440 D.

361 486 482 535 Quod
511 501 672 526 mecum
703 502 776 540 per
805 489 962 528 litteras
992 493 1091 541 agis,
1121 504 1242 529 unam
1273 491 1325 529 ob
1353 504 1511 531 causam

29 547 89 585 VI
103 548 152 586 K.
175 547 272 586 Mai.
306 549 469 588 mallem
489 563 623 588 coram
643 553 805 601 egisseS.
860 551 953 588 Non
973 555 1082 590 enim
1100 552 1230 590 solum
1249 566 1300 591 ex
1317 556 1512 602 oratione,

27 602 102 641 710

306 613 379 651 sed
399 616 523 651 etiam
542 627 593 652 ex
608 613 724 652 vultu
739 619 783 652 et
800 614 926 652 oculis
945 620 989 653 et
1007 614 1156 663 fronte,
1171 621 1218 654 ut
1234 618 1364 664 aiunt,
1376 629 1513 656 meum

305 688 403 727 erga
420 681 464 714 te
489 689 667 714 amorem
696 679 924 728 perspicere
952 680 1161 728 potuisses.
1221 678 1338 726 Nam,
1358 692 1451 718 cum
1468 685 1512 719 te

304 751 466 790 semper
478 741 621 786 amavi,
636 741 811 790 primum
825 744 897 778 tuo
912 740 1059 788 studio,
1072 746 1164 792 post
1179 743 1303 779 etiam
1316 741 1513 781 beneficio

304 809 555 855 provocatus,
573 809 664 843 tum
691 804 754 843 his
782 806 1034 856 temporibus
1062 819 1126 844 res
1154 807 1315 857 publica
1341 813 1386 847 te
1413 807 1512 847 mihi

305 870 363 906 ita
404 867 716 915 commendavit,
754 873 802 906 ut
843 871 1036 907 cariorem
1079 869 1251 908 habeam
1291 873 1509 910 neminem.

306 929 491 969 Litterae
508 943 604 969 vero
623 936 719 969 tuae
738 944 831 969 cum
849 934 1125 970 amantissime
1146 938 1234 971 tum
1253 933 1512 974 honorificen-

304 995 459 1032 tissime
484 996 658 1045 scriptae
683 996 740 1032 sic
764 1007 831 1033 me
855 994 1111 1044 adfecerunt,
1129 1001 1176 1035 ut
1201 1010 1284 1035 non
1312 997 1409 1036 dare
1435 1000 1512 1038 tibi

305 1056 548 1095 beneficium
573 1056 744 1104 viderer,
767 1057 841 1096 sed
865 1060 1049 1109 accipere
1072 1072 1096 1096 a
1118 1063 1162 1097 te
1180 1061 1238 1098 ita
1260 1065 1444 1111 petente,
1466 1067 1512 1101 ut

305 1122 513 1158 inimicum
532 1132 682 1166 meum,
696 1123 966 1158 necessarium
985 1126 1103 1159 tuum
1121 1135 1188 1161 me
1207 1125 1335 1161 invito
1352 1119 1511 1164 servare

305 1183 448 1230 nolles,
467 1197 560 1221 cum
578 1183 620 1221 id
639 1183 752 1221 nullo
771 1187 938 1235 negotio
957 1184 1091 1223 facere
1111 1198 1259 1236 posses.
1309 1186 1398 1238 Ego
1416 1201 1511 1227 vero

273 1258 276 1260 ·
303 1250 379 1288 tibi
406 1252 524 1296 istuc,
542 1251 598 1286 mi
618 1249 787 1296 Antoni,
807 1252 986 1297 remitto,
1004 1255 1128 1302 atque
1153 1253 1223 1299 ita,
1243 1257 1291 1292 ut
1313 1265 1380 1291 me
1405 1266 1430 1292 a
1452 1258 1510 1301 te,

304 1326 398 1351 cum
416 1315 464 1351 iis
484 1313 616 1351 verbis
639 1316 857 1364 scripseris,
877 1312 1156 1353 liberalissime
1175 1320 1299 1367 atque
1324 1315 1510 1356 honorifi-

304 1377 537 1414 centissime
567 1380 787 1414 tractatum
820 1378 1062 1423 existimem,
1091 1377 1214 1429 idque
1247 1392 1338 1417 cum
1363 1384 1510 1427 totum,

305 1451 466 1491 quoquo
484 1438 606 1476 modo
632 1451 677 1477 se
705 1451 769 1476 res
796 1437 979 1486 haberet,
1000 1440 1074 1478 tibi
1103 1440 1282 1479 dandum
1311 1447 1509 1492 putarem,

304 1506 393 1540 tum
424 1501 477 1539 do
506 1503 631 1539 etiam
660 1499 905 1539 humanitati
923 1506 979 1540 ‘et
1011 1507 1180 1541 naturae
1213 1516 1340 1542 meae.
1398 1503 1510 1543 Nihil

305 1566 415 1602 enim
433 1576 625 1615 umquam
644 1576 726 1601 non
746 1563 866 1602 modo
884 1565 1074 1602 acerbum
1093 1567 1136 1602 in
1155 1578 1222 1604 me
1248 1565 1339 1614 fuit,
1360 1566 1432 1605 sed
1456 1580 1509 1606 ne

305 1626 425 1677 paulo
452 1625 618 1678 quidem
646 1628 801 1664 tristius
829 1631 901 1664 aut
929 1630 1118 1674 severius,
1142 1640 1263 1679 quam
1291 1631 1509 1669 necessitas

304 1690 363 1725 rei
381 1686 567 1738 publicae
586 1687 815 1737 postulavit.
866 1686 1052 1734 Accedit,
1072 1693 1118 1726 ut
1137 1701 1190 1726 ne
1209 1691 1252 1726 in
1271 1691 1403 1740 ipsum
1421 1693 1508 1742 qui-

304 1749 400 1788 dem
424 1748 611 1787 Clodium
635 1762 772 1788 meum
801 1752 960 1800 insigne
988 1750 1126 1788 odium
1154 1750 1278 1789 fuerit
1306 1756 1508 1804 umquam,

303 1824 545 1864 semperque
559 1814 617 1850 ita
630 1814 769 1860 statui,
784 1825 866 1850 non
882 1826 970 1851 esse
985 1813 1242 1852 insectandos
1257 1817 1508 1855 inimicorum

303 1878 464 1923 amicos,
484 1877 722 1926 praesertim
741 1874 987 1922 humiliores,
1007 1889 1084 1914 nec
1103 1875 1166 1914 his
1187 1877 1396 1927 praesidiis
1418 1881 1508 1918 no's-
1526 1919 1531 1925 ,

304 1944 391 1976 met
408 1940 515 1989 ipsos
534 1950 621 1976 esse
640 1937 879 1989 spoliandos.
930 1938 1034 1976 Nam
1050 1938 1102 1977 de
1117 1952 1242 1990 puero
1261 1939 1401 1978 Clodio
1418 1946 1508 1981 tuas

305 2006 440 2052 partes
459 2014 547 2040 esse
565 2001 750 2049 arbitror,
769 2006 817 2039 ut
844 2003 930 2039 eius
958 2004 1137 2039 animum
1166 2006 1366 2050 tenerum,
1386 2016 1507 2055 quem

303 2064 354 2102 ad
372 2063 539 2103 modum
558 2064 711 2110 scribis,
727 2063 777 2102 iis
795 2064 1051 2114 opinionibus
1070 2065 1238 2112 imbuas,
1258 2070 1304 2103 ut
1333 2079 1384 2104 ne
1410 2080 1507 2118 quas

307 2135 384 2168 250
