1572 2378
58 1823 137 1861 Ser.
162 1821 200 1860 in
233 1821 327 1860 Tus-

57 1875 190 1914 calano
216 1876 251 1914 X
276 1877 325 1915 K.

581 153 805 192 MARCUS
843 153 1087 193 TULLIUS
1127 155 1328 195 CICERO

405 241 596 280 Rationes
617 241 763 290 Erotis,
784 244 860 280 etsi
885 244 1015 293 ipsum
1035 242 1217 281 nondum
1235 243 1332 292 vidi,
1351 249 1490 283 tamen
1510 249 1555 282 et

348 319 399 345 ex
419 306 566 346 litteris
586 310 672 346 eius
701 312 744 346 et
773 321 822 345 cx
853 321 914 355 eo,
937 308 1045 358 quod
1075 307 1169 346 Tiro
1197 311 1400 360 cognovit,
1427 321 1554 360 prope

348 372 513 410 modum
533 375 716 423 cognitas
737 373 877 413 habeo.
910 374 1125 412 Versuram
1143 375 1283 412 scribis
1301 387 1390 413 esse
1409 373 1555 413 facien-

347 439 442 476 dam
469 452 656 477 mensum
685 442 878 491 quinque,
898 439 941 478 id
970 445 1034 478 est
1061 440 1111 478 ad
1146 440 1232 478 Kal.
1253 440 1370 488 Nov.,
1393 439 1466 480 HS
1483 446 1554 486 ἄη

347 506 390 542 in
410 517 500 542 eam
520 504 630 542 diem
650 504 795 543 cadere
814 518 1013 553 nummos,
1033 508 1102 557 qui
1121 519 1144 542 a
1164 505 1320 552 Quinto
1337 505 1552 545 debentur.

348 569 481 608 Velim
501 573 638 621 igitur,
654 573 844 622 quoniam
860 571 954 609 Tiro
969 563 1095 622 negat
1113 572 1188 610 tibi
1208 571 1368 622 placere
1381 583 1449 612 me
1467 573 1554 611 eius

346 638 406 674 rei
430 648 548 673 causa
574 636 739 673 Romam
760 638 910 684 venire,
930 639 964 675 si
992 650 1040 675 ea
1069 642 1111 675 te
1140 650 1203 675 res
1232 637 1333 675 nihil
1361 636 1554 685 offendet,

348 700 498 749 videas,
513 701 623 740 unde
643 705 798 739 nummi
819 705 914 749 sint,
932 702 1033 740 mihi
1053 702 1158 741 feras
1177 717 1412 754 expensum.
1461 703 1555 744 Hoc

348 766 467 804 video
497 769 539 804 in
569 770 798 818 praesentia
828 781 928 818 opus
958 781 1057 806 esse.
1120 768 1288 820 Reliqua
1317 769 1554 821 diligentius

348 845 399 871 ex
418 831 495 869 hoc
515 834 601 882 ipso
622 836 842 884 exquiram,
862 836 904 870 in
924 833 987 871 his
1006 833 1059 872 de
1082 834 1335 874 mercedibus
1357 834 1554 875 dotalium

347 896 615 948 praediorum.
675 897 790 946 Quae
819 901 852 937 si
881 898 1056 937 fideliter
1083 899 1266 938 Ciceroni
1294 901 1555 950 curabuntur,

346 976 590 1015 quamquam
616 963 706 1001 volo
728 963 870 1011 laxius,
893 970 1033 1003 tamen
1056 968 1094 1004 ei
1116 979 1242 1017 prope
1265 966 1431 1006 modum
1450 966 1554 1006 nihil

346 1028 464 1067 derit.
524 1029 725 1080 Equidem
755 1029 872 1067 video
899 1030 999 1067 mihi
1024 1044 1185 1082 quoque
1207 1045 1308 1083 opus
1330 1045 1418 1071 esse
1439 1034 1553 1072 viati-

346 1107 461 1140 cum;
491 1094 564 1132 sed
594 1097 632 1133 ei
661 1108 711 1133 ex
740 1095 927 1146 praediis,
948 1101 995 1134 ut
1015 1096 1147 1144 cadet,
1167 1099 1225 1135 ita
1247 1097 1438 1146 solvetur,
1454 1098 1555 1137 mihi

346 1165 484 1199 autem
499 1173 600 1211 opus
620 1166 684 1199 est
702 1165 899 1200 universo.
950 1162 1164 1214 Equidem,
1186 1166 1262 1202 etsi
1281 1163 1381 1203 mihi
1394 1163 1556 1204 videtur

346 1228 438 1272 iste,
462 1228 532 1277 qui
560 1226 723 1264 umbras
751 1229 885 1274 timet,
914 1227 966 1265 ad
996 1227 1163 1266 caedem
1191 1234 1386 1279 spectare,
1415 1234 1555 1269 tamen

346 1293 422 1329 nisi
443 1290 643 1342 explicata
667 1292 867 1330 solutione
896 1306 979 1331 non
1007 1306 1096 1331 sum
1124 1293 1381 1334 discessurus.
1438 1294 1555 1334 Sitne

345 1362 484 1394 autem
505 1356 705 1407 explicata
724 1371 865 1404 necne,
889 1364 1026 1396 tecum
1047 1372 1297 1410 cognoscam.
1347 1360 1468 1399 Hanc
1485 1373 1555 1412 pu-

345 1425 428 1460 tavi
447 1435 540 1460 mea
558 1435 679 1460 manu
700 1423 955 1461 scribendam
975 1427 1112 1476 itaque
1132 1424 1223 1463 feci.
1273 1425 1338 1464 De
1359 1425 1494 1474 Fadio,
1509 1431 1555 1465 ut

346 1488 497 1534 scribis,
519 1491 660 1540 utique
681 1489 748 1526 alii
769 1492 933 1529 nemini.
997 1490 1204 1529 Rescribas
1224 1490 1346 1530 velim
1365 1491 1498 1531 hodie.

902 1634 1001 1672 XXI

744 1735 884 1759 CICERO
917 1734 1054 1760 A'r'rico
1083 1736 1160 1762 SAL.

402 1810 529 1847 Narro
549 1811 639 1857 tibi,
659 1809 837 1857 Quintus
857 1816 974 1860 pater
994 1811 1170 1849 exsultat
1200 1811 1365 1850 laetitia.
1423 1811 1555 1865 ScrIp-

346 1877 399 1912 sit
415 1878 524 1912 enim
540 1875 643 1913 filius
658 1888 701 1913 se
719 1875 866 1913 idcirco
882 1875 1098 1927 profugere
1113 1876 1164 1915 ad
1186 1877 1353 1916 Brutum
1370 1877 1553 1927 voluisse,
1568 1900 1572 1903 ·

60 1928 183 1973 Quint·
200 1944 234 1968 a·
254 1931 330 1970 710
347 1940 468 1991 quod,
489 1954 580 1978 cum
600 1941 674 1978 sibi
694 1943 905 1992 negotium
926 1941 1043 1980 daret
1062 1941 1279 1990 Antonius,
1297 1947 1344 1981 ut
1362 1955 1458 1982 eum
1474 1942 1556 1983 die—

346 2011 520 2044 tatorem
538 2006 725 2053 efficeret,
744 2006 988 2057 praesidium
1005 2013 1233 2058 occuparet,
1249 2007 1288 2046 id
1307 2013 1530 2048 recusasset
1542 2020 1572 2057 ς,

345 2138 423 2173 350
