1572 2378
567 157 795 197 MARCUS
833 157 1078 197 TULLIUS
1118 156 1317 196 CICERO

340 247 485 297 φρόνως
505 259 554 284 ex
575 259 624 284 eo
644 259 894 298 quaererem,
914 245 1012 298 quid
1032 258 1133 296 opus
1155 250 1278 292 esset,
1298 246 1483 284 Atticum
1501 259 1545 284 se

339 311 444 349 dixit
479 324 686 362 quaerere.
757 311 995 362 Superbiam
1032 316 1171 349 autem
1207 314 1331 362 ipsius
1367 312 1546 362 reginae,

340 390 431 414 cum
451 382 559 415 esset
577 382 689 415 trans
709 376 889 415 Tiberim
909 380 950 414 in
966 376 1108 424 hortis,
1127 389 1440 416 commemorare
1458 378 1546 416 sine

339 455 486 493 magno
511 442 649 480 dolore
678 455 760 480 non
789 455 961 493 possum.
1022 442 1134 480 Nihil
1163 445 1288 493 igitur
1315 455 1407 481 cum
1434 444 1546 490 istis;

339 521 415 546 nec
444 513 530 546 tam
560 510 738 545 animum
769 521 836 546 me
867 521 987 559 quam
1018 510 1083 546 vix
1113 507 1366 547 stomachum
1396 507 1546 548 habere

339 574 596 613 arbitrantur.

394 639 692 678 Profectionem
726 653 873 687 meam,
901 645 949 678 ut
975 640 1108 688 video,
1137 639 1270 678 Erotis
1299 639 1546 691 dispensatio

339 705 521 756 impedit.
581 706 698 752 Nam,
729 719 820 744 cum
850 719 899 743 ex
929 705 1106 757 reliquis,
1127 718 1230 757 quae
1251 705 1379 744 Nonis
1397 705 1547 758 Aprili-

340 771 413 808 bus
432 769 545 816 fecit,
564 769 771 808 abundare
791 769 976 817 debeam,
998 783 1119 820 cogor
1141 772 1330 818 mutuari,
1357 769 1546 823 quodque

339 848 391 873 ex
408 838 495 873 istis
514 835 730 873 fructuosis
750 836 869 873 rebus
890 841 1099 886 receptum
1122 840 1197 882 est,
1217 834 1259 872 id
1279 848 1356 886 ego
1374 835 1427 874 ad
1444 835 1546 875 illud

338 900 477 938 fanum
511 905 733 951 sepositum
767 901 969 951 putabam.
1029 900 1110 939 Sed
1140 900 1241 938 haec
1269 900 1406 939 Tironi
1433 914 1546 940 man-

338 967 443 1014 davi,
473 980 595 1018 quem
625 967 676 1004 ob
706 979 795 1004 eam
825 979 985 1004 causam
1017 966 1184 1004 Romam
1212 968 1326 1012 misi3
1363 971 1406 1005 te
1434 966 1545 1006 nolui

339 1033 582 1085 impeditum
615 1033 825 1084 impedire.
885 1033 1024 1071 Cicero
1053 1038 1191 1071 noster
1220 1046 1300 1084 quo
1327 1033 1545 1073 modestior

339 1104 415 1147 est,
435 1112 483 1137 eo
502 1112 568 1137 me
587 1102 716 1149 magis
740 1104 978 1137 commovet.
1037 1098 1103 1137 Ad
1122 1111 1188 1136 me
1208 1101 1316 1137 enim
1335 1099 1388 1137 de
1408 1099 1484 1138 hac
1501 1111 1544 1138 re

338 1164 440 1202 nihil
460 1166 632 1215 scripsit,
656 1163 707 1201 ad
730 1177 852 1215 quem
881 1166 1070 1202 nimirum
1098 1166 1351 1214 potissimum
1379 1164 1544 1210 debuit;

338 1232 497 1281 scripsit
529 1229 605 1267 hoc
636 1235 775 1268 autem
807 1229 860 1267 ad
893 1229 1097 1276 Tironem,
1130 1229 1206 1267 sibi
1242 1234 1335 1280 post
1374 1229 1542 1269 Kalend.

339 1295 499 1346 Apriles
512 1293 586 1347 (sic
606 1297 715 1332 enim
734 1308 914 1333 annuum
929 1299 1091 1345 tempus
1106 1293 1265 1347 confici)
1284 1294 1385 1332 nihil
1404 1294 1544 1335 datum

340 1374 439 1399 esse.
497 1360 588 1398 Tibi
619 1373 691 1412 pro
721 1365 793 1399 tua
825 1365 969 1398 natura
1001 1373 1161 1411 semper
1193 1360 1389 1411 placuisse
1421 1365 1545 1413 teque

341 1429 591 1465 existimasse
609 1428 704 1473 scio,
724 1426 766 1463 id
786 1428 910 1464 etiam
929 1425 980 1463 ad
1000 1425 1245 1476 dignitatem
1263 1439 1397 1464 meam
1421 1429 1545 1478 perti-

339 1506 437 1531 nere
468 1506 562 1531 eum
592 1505 674 1531 non
704 1493 825 1531 modo
855 1492 1077 1531 liberaliter
1105 1506 1129 1530 a
1158 1493 1287 1540 nobis,
1317 1493 1389 1531 sed
1423 1496 1546 1533 etiam

339 1563 480 1597 ornate
499 1558 785 1609 cumulateque
805 1561 979 1596 tractari.
1030 1557 1166 1605 Quare
1181 1557 1303 1596 velim
1317 1571 1432 1598 cures
1450 1558 1546 1613 (nec

339 1624 414 1662 tibi
442 1637 572 1662 essem
601 1623 809 1671 molestus,
829 1626 861 1661 si
881 1636 954 1674 per
972 1623 1096 1662 alium
1115 1623 1192 1661 hoc
1210 1636 1332 1674 agere
1354 1623 1544 1678 possem),

339 1695 386 1729 ut
403 1695 656 1741 permutetur
675 1689 874 1736 Athenas,
894 1689 1002 1740 quod
1021 1692 1074 1727 sit
1088 1692 1130 1726 in
1144 1702 1324 1727 annuum
1338 1695 1545 1743 sumptum

340 1759 388 1794 ei.
437 1755 602 1794 Scilicet
621 1755 720 1793 Eros
735 1756 975 1793 numerabit.
1026 1755 1123 1792 Eius
1142 1757 1200 1792 rei
1219 1767 1337 1793 causa
1356 1755 1545 1796 Tironem

339 1823 440 1859 misi.
500 1821 666 1859 Curabis
696 1822 822 1872 igitur
851 1825 894 1859 et
926 1820 977 1858 ad
1010 1833 1088 1867 me,
1119 1822 1152 1858 si
1181 1819 1279 1872 quid
1308 1821 1383 1859 tibi
1414 1820 1467 1860 de
1494 1834 1546 1861 eo

340 1885 556 1934 videbitur,
575 1887 734 1925 scribes.

341 2135 418 2170 388
