1572 2378
39 1287 118 1325 Ser.
139 1299 177 1323 m

43 1340 216 1392 Arpinati

548 165 772 205 MARCUS
810 166 1054 206 TULLIUS
1094 166 1294 205 CICERO
1345 170 1347 173 “

316 259 383 293 tus
410 254 596 302 officium,
624 257 876 305 imperatoris
904 255 1076 292 officium
1089 254 1143 291 '’?
1200 253 1407 293 Praeclare
1424 266 1517 292 con-

318 322 453 365 venit;
481 324 553 357 aut
580 319 632 356 da
659 318 814 357 melius.
876 320 984 357 Male
1006 332 1143 358 narras
1161 319 1214 357 de
1236 319 1408 370 Nepotis
1426 317 1517 358 filio.

319 384 447 423 Valde
466 384 700 424 mehercule
719 398 881 423 moveor
896 391 939 424 et
953 386 1124 423 moleste
1142 384 1239 424 fero.
1290 385 1519 424 Nescieram

317 454 482 488 omnino
502 464 590 489 esse
609 455 731 490 istum
750 466 932 504 puerum.
981 452 1195 489 Caninium
1208 450 1382 502 perdidi,
1393 441 1521 497 homi·
1556 458 1560 462 ⁴

318 530 426 564 nem,
452 517 560 568 quod
588 518 638 556 ad
668 531 733 556 me
760 521 925 564 attinet,
953 531 1036 555 non
1065 520 1280 567 ingratum.
1337 515 1522 555 Atheno-

318 582 462 620 dorum
499 583 600 621 nihil
639 589 702 622 est
739 584 846 635 quod
884 584 1057 622 hortere.
1133 583 1246 621 Misit
1281 585 1389 621 enim
1427 582 1524 620 satis

319 647 471 687 bellum
506 648 714 699 ὑπόμνημα.
775 649 1008 696 Gravedini,
1037 661 1199 699 quaeso,
1227 650 1337 685 omni
1368 649 1524 686 ratione

320 715 499 753 subveni.
559 715 634 751 Avi
675 719 734 753 tui
772 728 972 767 pronepos
1009 715 1148 752 scribit
1186 713 1238 751 ad
1276 715 1401 764 patris
1445 713 1523 750 mei

321 785 514 830 nepotem
556 794 600 818 se
640 794 689 818 ex
721 781 847 819 Nonis
875 783 936 827 iis,
963 780 1108 831 quibus
1145 792 1218 817 nos
1251 791 1399 829 magna
1434 789 1525 829 ges·

321 849 457 892 simus,
477 846 620 884 aedem
647 846 748 896 Opis
778 847 1071 897 explicaturum
1100 845 1223 896 idque
1245 844 1296 882 ad
1318 843 1522 895 populum.

323 911 488 949 Videbis
535 914 659 962 igitur
706 917 750 951 et
803 913 964 950 scribes.
1041 911 1154 950 Sexti
1210 909 1402 948 iudicium
1457 920 1525 947 ex-

321 982 472 1027 specto.

719 1201 858 1226 CICERO
889 1200 1028 1225 ATTICO
1057 1200 1134 1225 SAL.

380 1278 473 1315 Noli
511 1283 654 1328 putare
694 1279 856 1328 pigritia
894 1290 958 1314 me
997 1276 1144 1320 facere,
1177 1275 1286 1326 quod
1323 1287 1406 1312 non
1437 1286 1531 1312 mea

324 1357 446 1381 manu
475 1344 657 1390 scribam,
686 1342 758 1381 sed
786 1341 1019 1380 mehercule
1047 1342 1221 1392 pigritia.
1280 1338 1390 1378 Nihil
1420 1340 1529 1378 enim
1570 1370 1572 1380 2

40 1399 125 1432 “nte
151 1394 193 1432 V·
216 1394 273 1431 M·
327 1408 456 1447 habeo
474 1408 596 1453 aliud,
616 1408 724 1459 quod
744 1407 886 1445 dicam.
946 1407 1000 1445 Et
1024 1412 1160 1445 tamen
1191 1408 1231 1443 in
1261 1407 1342 1444 tuis
1369 1417 1530 1456 quoque

234 1450 254 1463 Ν

46 1448 133 1486 Dec.
163 1461 198 1486 α.
234 1462 249 1486 s
259 1449 309 1486 10

327 1474 510 1526 epistulis
545 1474 704 1512 Alexim
739 1473 876 1511 videor
908 1472 1167 1522 adgnoscere.
1237 1469 1319 1509 Sed
1355 1470 1406 1508 ad
1444 1482 1528 1508 rem

325 1544 452 1580 venio.

379 1607 480 1658 Ego,
500 1608 616 1645 sime
642 1619 721 1642 non
743 1605 1033 1655 improbissime
1065 1601 1276 1640 Dolabella
1303 1604 1530 1649 tractasset,

325 1663 572 1712 dubitassem
591 1671 774 1716 fortasse,
793 1675 929 1708 utrum
950 1671 1150 1707 remissior
1163 1680 1294 1706 essem
1307 1680 1361 1704 an
1374 1678 1531 1705 summo
1559 1675 1572 1725 Ξ

325 1741 410 1776 iure
443 1736 746 1775 contenderem.
806 1735 924 1772 Nunc
960 1747 1052 1772 vero
1084 1735 1208 1772 etiam
1239 1731 1399 1784 gaudeo
1431 1729 1564 1774 mihis

325 1817 483 1843 causam
522 1802 711 1848 oblatam,
745 1803 785 1838 in
819 1814 898 1852 qua
932 1806 975 1838 et
1006 1803 1091 1850 ipse
1128 1801 1280 1837 sentiat
1311 1803 1356 1837 et
1387 1797 1530 1850 reliqui
1555 1787 1562 1809 ⁵

324 1883 464 1908 omnes
482 1882 549 1906 me
568 1869 619 1905 ab
640 1867 707 1903 illo
727 1866 1013 1913 abalienatum,
1033 1865 1154 1916 idque
1178 1877 1272 1915 prae
1298 1876 1364 1902 me
1390 1853 1558 1923 seraing*

325 1942 369 1974 et
396 1934 562 1986 quidem
590 1946 656 1970 me
685 1946 776 1970 mea
803 1946 920 1970 causa
949 1931 1079 1969 facere
1109 1936 1153 1969 et
1181 1932 1239 1968 rei
1267 1929 1467 1981 publicae,
1485 1923 1549 1971 αἱ
1568 1919 1569 1922 ¹

541 2040 555 2061 1
579 2040 648 2071 For
663 2038 815 2073 Cicero’s
831 2038 976 2071 deience
991 2038 1028 2071 of
1047 2037 1118 2069 him
1137 2038 1172 2069 in
1188 2038 1230 2070 55
1247 2045 1314 2070 mo.

542 2082 557 2103 ²
580 2083 709 2126 Young
724 2082 878 2122 Quintus
894 2081 1016 2115 Cicero
1033 2084 1071 2114 to
1086 2080 1237 2114 Cicero’s
1258 2090 1333 2113 son.

329 2134 407 2167 420
