1572 2378
566 170 793 210 MARCUS
831 171 1076 211 TULLIUS
1115 172 1317 212 CICERO

332 259 664 309 occupationibus
684 261 862 310 ignosco,
882 272 1036 311 eaeque
1055 259 1155 298 mihi
1174 266 1272 299 sunt
1288 266 1422 300 notae.
1473 261 1537 301 De

331 319 542 359 voluntate
572 326 656 367 tua,
685 326 733 359 ut
761 321 880 359 simul
912 324 1048 369 simus,
1077 321 1142 360 vel
1170 322 1305 361 studio
1332 327 1467 375 potius
1493 329 1538 364 et

329 383 555 433 cupiditate
583 396 666 421 non
694 383 848 422 dubito.
910 384 973 422 De
993 385 1109 422 Nicia
1127 385 1236 436 quod
1255 386 1408 434 scribis,
1426 389 1460 425 si
1479 389 1537 427 ita

329 458 396 484 me
434 446 640 493 haberem,
679 452 726 485 ut
763 449 849 485 eius
886 447 1142 487 humanitate
1179 448 1258 487 frui
1289 461 1462 500 possem,
1493 453 1533 489 in

329 511 468 559 primis
496 508 645 547 vellem
673 508 788 547 illum
816 522 977 548 mecum
1006 509 1168 549 habere.
1226 510 1308 550 Sed
1325 511 1427 550 mihi
1444 512 1536 552 soli-

328 570 430 609 tudo
461 576 506 610 et
538 584 719 610 recessus
751 575 957 622 provincia
990 578 1063 611 est.
1133 572 1255 621 Quod
1291 577 1386 626 quia
1418 574 1535 614 facile

328 633 487 672 ferebat
519 633 646 680 Sicca,
678 647 727 672 eo
755 637 885 686 magis
916 635 1032 673 illum
1065 635 1262 674 desidero.
1325 637 1535 678 Praeterea

327 700 435 735 nosti
456 697 597 736 Niciae
616 700 744 736 nostri
763 698 1102 746 imbecillitatem,
1121 699 1349 748 mollitiam,
1368 714 1535 741 consue-

326 759 514 799 tudinem
537 763 678 799 victus.
737 761 818 799 Cur
846 774 945 812 ergo
972 761 1031 799 illi
1059 761 1256 801 molestus
1284 776 1373 802 esse
1399 764 1536 814 velim,

325 836 420 861 cum
446 822 548 861 mihi
572 823 643 862 ille
668 824 868 862 iucundus
897 837 985 863 esse
1013 837 1097 862 non
1125 827 1281 876 possit?
1338 826 1536 868 Voluntas

325 891 464 924 tamen
491 888 578 924 eius
602 886 702 924 mihi
726 891 842 938 grata
861 892 934 925 est.
997 887 1130 926 Unam
1149 901 1236 926 rem
1253 888 1307 927 ad
1325 902 1392 928 me
1411 893 1535 943 scrip-

325 951 426 996 sisti,
467 948 521 987 de
553 962 633 1001 qua
665 949 827 988 decrevi
860 949 960 987 nihil
996 950 1073 988 tibi
1106 952 1339 991 rescribere.
1407 953 1535 1005 Spero

326 1015 436 1050 enim
450 1025 516 1050 me
535 1026 559 1050 a
576 1017 620 1051 te
639 1015 891 1063 impetrasse,
906 1018 954 1051 ut
968 1016 1145 1064 privares
1159 1017 1319 1053 meista
1332 1015 1530 1056 molestia.

326 1074 450 1113 Piliae
470 1079 515 1113 et
533 1074 698 1114 Atticae
718 1075 902 1114 salutem.

846 1266 1006 1304 XXVII

721 1358 861 1384 CICERO
891 1358 1031 1384 A'I’rlco
1058 1359 1136 1385 SAL.

40 1423 118 1463 Sor.
146 1424 307 1463 Asturae
380 1424 445 1463 De
465 1424 618 1463 Siliano
635 1428 814 1476 negotio,
835 1428 914 1463 etsi
936 1425 1035 1463 mihi
1063 1440 1145 1464 non
1175 1432 1239 1466 est
1266 1430 1407 1478 ignota
1434 1443 1528 1469 con-

42 1478 78 1516 Χ
98 1478 148 1517 K·
170 1479 264 1531 ΑΡΤ·
324 1487 442 1534 dicio,
461 1492 601 1526 tamen
620 1486 742 1526 hodie
761 1501 827 1526 me
847 1501 898 1526 ex
917 1487 1032 1526 Sicca
1049 1489 1222 1527 arbitror
1239 1493 1373 1528 omnia
1391 1495 1528 1544 cogni-

39 1546 73 1572 a.
98 1534 175 1573 709

322 1555 471 1589 turum.
529 1549 674 1588 Cottae
701 1550 810 1602 quod
838 1563 964 1601 negas
991 1555 1035 1589 te
1060 1564 1192 1599 nosse,
1209 1551 1317 1590 ultra
1335 1553 1526 1594 Silianam

321 1612 457 1650 villam
477 1617 553 1660 est,
572 1625 693 1664 quam
711 1618 812 1664 puto
830 1613 906 1651 tibi
925 1618 1065 1652 notam
1085 1627 1186 1661 esse,
1206 1614 1344 1653 villula
1366 1617 1526 1656 sordida

319 1682 364 1714 et
391 1675 510 1714 valde
542 1675 700 1726 pusilla,
730 1675 787 1713 nil
817 1678 918 1726 agri,
945 1675 996 1714 ad
1025 1676 1178 1714 nullam
1207 1691 1292 1716 rem
1320 1677 1398 1716 loci
1426 1683 1522 1719 satis

317 1740 394 1777 nisi
430 1738 482 1777 ad
520 1751 622 1784 eam,
660 1751 781 1790 quam
818 1751 977 1789 quaero.
1036 1738 1192 1790 Sequor
1228 1739 1521 1782 celebritatem.

317 1800 413 1848 Sed,
433 1803 465 1839 si
485 1800 692 1851 perficitur
710 1800 762 1838 de
782 1799 909 1838 hortis
929 1799 1014 1847 Sili,
1036 1800 1111 1838 hoc
1131 1806 1195 1840 est
1213 1804 1246 1840 si
1265 1802 1422 1853 perficis
1443 1803 1524 1854 (est

316 1865 427 1902 enim
445 1868 579 1901 totum
598 1865 774 1914 positum
793 1865 836 1900 in
856 1863 930 1914 te),
950 1862 1051 1900 nihil
1073 1869 1136 1901 est
1154 1863 1322 1912 scilicet,
1341 1865 1450 1917 quod
1468 1866 1522 1906 de

315 1925 435 1964 Cotta
454 1927 691 1976 cogitemus.

369 1987 434 2027 De
454 1988 661 2034 Cicerone,
679 1992 726 2026 ut
744 1988 897 2035 scribis,
916 1990 973 2026 ita
993 1987 1160 2034 faciam3
1189 1990 1265 2040 ipsi
1285 1992 1518 2040 permittam

557 2106 570 2130 ²
593 2110 625 2142 A
642 2109 877 2152 grammarian
894 2109 931 2141 of
945 2108 1023 2142 Cos.
1070 2109 1125 2143 Cf.
1145 2118 1211 2143 vu.
1231 2111 1263 2144 3.

311 2150 365 2193 56
