1572 2358
621 402 678 442 M.
716 402 888 442 TULLI
927 402 1222 442 CICERONIS

515 467 915 508 EPISTULARUM
954 468 1034 506 AD
1071 467 1323 507 ATTICUM

633 533 796 573 LIBER
837 533 1213 574 DUODECIMUS

910 695 928 729 1

715 781 854 807 emano
883 780 1025 807 A'mco
1053 781 1131 807 siu„

37 849 114 887 Ser.
136 848 174 887 in
378 844 604 884 Undecimo
640 846 722 894 die,
759 852 973 898 postquam
1005 860 1029 884 a
1060 851 1104 885 te
1140 845 1415 893 discesseram,
1448 844 1525 884 hoc

40 902 213 955 Arpinati
319 908 591 949 litterularum
625 915 785 950 exaravi
818 912 1033 963 egrediens
1066 925 1090 950 e
1120 911 1214 950 villa
1244 916 1342 950 ante
1378 911 1524 959 lucem,

41 958 148 1051 gg?
157 957 213 1051 alf·
226 1013 303 1051 708
320 981 444 1027 atque
472 990 521 1015 eo
549 977 617 1016 die
646 978 875 1029 cogitabam
894 981 936 1016 in
955 979 1186 1030 Anagnino,
1206 984 1368 1030 postero
1386 983 1524 1017 autem

319 1054 363 1078 in
390 1041 632 1090 Tusculano,
660 1043 718 1081 ibi
745 1057 873 1082 unum
894 1043 1030 1090 diem;
1067 1058 1091 1082 v
1122 1044 1293 1083 Kalend.
1322 1046 1447 1096 igitur
1473 1043 1524 1082 ad

320 1110 600 1147 constitutum.
650 1109 790 1161 Atque
809 1112 967 1148 utinam
987 1113 1180 1148 continuo
1198 1110 1251 1148 ad
1269 1109 1524 1161 complexum

319 1186 435 1211 meae
468 1173 639 1222 Tulliae,
666 1174 719 1213 ad
747 1175 928 1213 osculum
961 1175 1126 1214 Atticae
1158 1178 1308 1227 possim
1339 1176 1524 1213 currere!

321 1237 442 1286 Quod
470 1239 636 1290 quidem
663 1242 795 1291 ipsum
823 1241 967 1288 scribe,
996 1253 1156 1292 quaeso,
1175 1241 1227 1279 ad
1249 1253 1330 1289 me,
1348 1245 1408 1288 ut,
1426 1239 1523 1279 dum

320 1307 496 1343 consisto
523 1307 567 1342 in
594 1304 837 1353 Tusculano,
861 1308 998 1354 sciam,
1023 1306 1121 1358 quid
1146 1309 1308 1358 garriat,
1327 1308 1389 1344 sin
1407 1307 1524 1346 rusti-

320 1374 445 1416 catur‚
466 1369 565 1421 quid
590 1371 741 1408 scribat
764 1371 815 1409 ad
842 1376 911 1417 te;
944 1374 1062 1423 eique
1091 1374 1249 1410 interea
1276 1376 1348 1411 aut
1373 1371 1524 1411 scribes

320 1434 493 1474 salutem
526 1441 598 1474 aut
630 1437 836 1475 nuntiabis
869 1439 1051 1489 itemque
1088 1437 1221 1476 Piliae.
1284 1438 1340 1476 Et
1369 1442 1523 1484 tamen,

320 1503 397 1539 etsi
430 1503 624 1539 continuo
657 1505 910 1553 congressuri
942 1516 1092 1550 sumus,
1125 1503 1275 1542 scribes
1301 1502 1354 1541 ad
1381 1516 1461 1551 me,
1490 1507 1520 1542 si

319 1566 417 1617 quid
436 1566 615 1605 habebis.

374 1631 475 1671 Cum
503 1633 788 1684 complicarem
818 1633 923 1672 hanc
957 1635 1186 1685 epistulam,
1214 1635 1523 1675 noetuabundus

319 1698 370 1736 ad
395 1711 461 1736 me
488 1702 602 1737 venit
627 1713 719 1737 cum
746 1700 920 1750 epistula
939 1706 1009 1738 tua
1028 1701 1285 1748 tabellarius3
1312 1714 1392 1753 qua
1415 1701 1523 1741 lecta

320 1764 373 1802 de
402 1764 567 1802 Atticae
596 1764 793 1803 febricula
823 1766 979 1804 scilicet
1009 1766 1125 1805 valde
1157 1766 1278 1805 dolui.
1339 1766 1521 1820 Reliqua,

320 1842 423 1881 quae
456 1830 756 1880 exspectabam,
786 1844 836 1869 ex
869 1834 950 1870 tuis
982 1831 1130 1871 litteris
1163 1835 1331 1883 cognovi
1364 1835 1521 1880 omnia3

321 1894 405 1942 sed,
425 1894 535 1946 quod
553 1896 692 1934 scribis
711 1896 973 1947 “igniculum
996 1900 1242 1936 matutinum
1271 1899 1519 1950 γεροντικόν,”

320 1961 625 2012 γεροντικώτερον
661 1966 725 2000 est
761 1962 995 2000 memoriola
1032 1962 1227 2002 vacillare.
1286 1963 1375 2015 Ego
1411 1966 1520 2003 enim

321 2038 379 2063 nu
402 2026 488 2064 Kal.
506 2026 611 2064 Axio
629 2027 836 2075 dederam,
850 2028 926 2066 tibi
946 2040 1003 2074 111,
1019 2027 1186 2076 Quinto,
1206 2041 1286 2081 quo
1303 2028 1372 2068 die
1390 2032 1520 2070 venis-

318 2104 417 2138 sem,
444 2091 485 2129 id
512 2097 575 2130 est
602 2106 623 2128 v
657 2093 741 2130 Kal.
803 2093 894 2131 Hoc
924 2095 1047 2144 igitur
1075 2093 1255 2141 habebis,
1285 2096 1376 2132 novi
1405 2095 1518 2134 nihil.

319 2150 343 2183 ἲ
