1572 2378
587 169 812 208 MARCUS
849 167 1095 208 TULLIUS
1134 167 1336 207 CICERO

356 265 452 311 peto
485 272 508 296 a
538 263 581 297 te
611 262 658 296 ut
687 262 784 296 ante
815 256 1026 308 provideas
1060 256 1262 312 planeque
1295 255 1489 308 expedias

354 325 532 364 solutum
552 323 765 375 relinquas.
815 322 896 361 Sed
917 322 970 360 de
991 321 1053 360 his
1071 324 1182 370 satis,
1194 326 1497 374 metuoque‚ne

354 393 524 429 nimium
544 394 675 440 putes.
1518 391 1526 400 ⁴
1557 431 1561 434 Δ

409 456 528 494 Nunc
548 454 854 506 neglegentiam
869 466 1002 492 meam
1017 465 1227 504 cognosce.
1276 455 1303 475 “
1315 451 1379 492 De
1398 443 1557 517 glories¹¹

353 521 499 560 librum
519 521 570 559 ad
594 526 636 558 te
656 522 757 558 misi.
815 519 874 558 At
902 521 943 556 in
973 532 1022 557 eo
1050 518 1331 570 prohoemium
1359 517 1469 557 idem
1506 507 1563 555 Ji*

353 587 461 639 quod
488 589 529 624 in
551 585 796 623 Academico
823 587 957 623 tertio.
1022 584 1069 622 Id
1099 586 1237 622 evenit
1263 583 1317 622 ob
1344 596 1435 623 eam
1492 604 1552 616 -«=·

353 652 463 704 quod
488 652 619 690 habeo
644 650 833 689 volumen
854 649 1188 701 prohoemiorum.
1247 649 1309 688 Ex
1334 661 1384 687 eo
1409 648 1516 703 elige

354 718 476 765 soleo,
506 730 597 755 cum
625 715 787 768 aliquod
817 717 1051 768 σύγγραμμα
1079 716 1248 754 institui.
1309 713 1453 767 Itaque
1484 710 1503 722 ”’
1547 704 1556 728 ”’“

353 786 396 822 in
421 783 662 829 Tusculano,
682 784 751 833 qui
780 795 862 819 non
890 783 1165 819 meminissem
1192 793 1259 819 me
1287 780 1456 819 abusum

355 849 602 900 prohoemio,
622 849 776 885 conieci
796 846 838 884 id
861 849 900 884 in
922 859 1016 884 eum
1035 845 1199 893 librum,
1215 857 1338 897 quem
1360 845 1436 887 tibi
1469 864 1488 877 ι·
1501 846 1512 857 “

354 915 454 953 Cum
485 919 622 952 autem
657 915 698 950 in
736 915 827 950 navi
865 912 1046 963 legerem
1079 910 1357 957 Academicos,
1386 909 1513 958 ad21m

352 986 531 1018 erratum
555 992 703 1017 meum.
764 977 908 1029 Itaque
938 979 1076 1015 statim
1105 989 1254 1014 novum
1282 975 1480 1027 prohoen·
1503 998 1507 1008 ν

353 1047 511 1084 exaravi
531 1050 575 1083 et
593 1045 669 1082 tibi
688 1046 789 1082 misi.
849 1043 909 1081 Tu
930 1043 1030 1081 illud
1050 1042 1270 1088 desecabis,
1289 1041 1367 1080 hoc
1385 1040 1497 1094 adgl·
1521 1037 1562 1079 '³¹5⁷

353 1112 479 1150 nabis.
540 1110 663 1148 Piliae
682 1109 855 1148 salutem
875 1109 986 1147 dices
1006 1113 1050 1146 et
1071 1108 1248 1155 Atticae,
1262 1106 1419 1146 deliciis
1435 1107 1536 1161 atq
1551 1115 1558 1158 j

352 1177 554 1216 amoribus
572 1179 685 1215 meis.

914 1299 991 1336 VII

751 1409 891 1434 CICERO
922 1408 1062 1433 ATTICO
1090 1407 1168 1435 sn..

69 1505 477 1560 Scripsignavi.v1n
500 1494 597 1533 Idus
616 1493 757 1534 Sextil.
779 1506 871 1531 cum
893 1506 918 1530 a
941 1491 1196 1543 Leucopetra
1218 1491 1475 1543 profectus
1446 1474 1547 1545 (mest

66 1577 163 1616 gans
181 1562 232 1600 ad
353 1565 463 1600 enirn
493 1558 790 1612 tramittebam)
819 1558 949 1597 stadia
978 1561 1138 1596 circiter
1167 1570 1237 1596 ccc
1265 1571 1472 1609 ·proc:.«‹:;
1494 1578 1505 1590 .=
1530 1607 1532 1610 Ι

73 1617 335 1668 P⁰mpeim¹um
353 1629 529 1664 reiectus
548 1637 637 1662 sum
655 1629 792 1662 austro
815 1622 1049 1660 vehementi
1075 1621 1127 1660 ad
1152 1621 1325 1660 eandem
1353 1621 1439 1661 Leu
1472 1642 1479 1655 r

71 1671 174 1709 XIV
190 1670 239 1710 K·
353 1697 469 1730 tram.
529 1691 591 1728 Ibi
611 1703 702 1728 cum
722 1694 891 1727 ventum
913 1693 1191 1739 exspectarem
1213 1686 1321 1741 (erat
1339 1690 1448 1727 enim
1478 1694 1533 1722 11
1532 1677 1548 1701 ”¹

68 1725 168 1778 'sept'
195 1738 229 1763 α’
260 1725 337 1764 710
354 1756 489 1794 Valeri
508 1757 647 1802 nostri,
667 1759 715 1793 ut
742 1753 993 1791 familiariter
1021 1765 1151 1791 essem
1179 1757 1224 1792 et
1250 1751 1458 1807 libenter),
1481 1749 1547 1812 R¹

351 1824 438 1873 gini
475 1821 639 1873 quidam
675 1820 853 1858 illustres
890 1818 1074 1856 homines
1112 1831 1161 1856 eo
1194 1823 1396 1857 venerunt
1446 1823 1454 1834 '
1502 1862 1511 1866 ἡ

350 1900 448 1926 sane
467 1891 667 1932 recentes,
688 1888 731 1923 in
749 1887 797 1923 iis
820 1884 935 1923 Bruti
958 1885 1085 1922 nostri
1108 1883 1269 1934 hospes,
1288 1885 1358 1935 qui
1386 1883 1515 1922 Bru
1536 1893 1538 1895 ’

351 1952 523 2003 Neapoli
543 1951 780 2002 reliquisset.
833 1950 948 1988 Haec
967 1949 1222 1996 adferebant,
1241 1947 1422 1987 edictum
1456 1953 1464 1981 ἒ
1519 1965 1523 1975 ·

350 2023 394 2055 et
426 2017 550 2064 Cassi,
582 2021 626 2054 et
659 2015 745 2053 fore
780 2015 1039 2066 frequentem
1073 2018 1258 2052 senatum
1296 2010 1529 2083 Kalendlfl,:J

351 2082 476 2121 Bruto
496 2087 539 2121 et
560 2082 694 2119 Cassio
714 2081 870 2119 litteras
890 2082 1029 2118 missas
1051 2079 1103 2117 ad
1126 2087 1354 2119 consulares
1376 2083 1420 2119 et
1452 2097 1481 2138 3·¹

350 2157 428 2197 892
