1572 2378
559 155 787 196 MARCUS
825 158 1070 199 TULLIUS
1107 160 1310 201 CICERO

894 263 974 301 VII

727 345 868 372 cler-:no
896 346 1038 372 ΑτΤισο
1065 347 1143 375 stu..

46 401 124 439 Scr.
150 400 189 439 in
218 401 309 439 Tus·
385 401 540 441 Sestius
559 403 669 454 apud
686 417 753 442 me
773 404 852 443 fuit
874 410 919 443 et
943 405 1230 458 Theopompus
1258 409 1399 459 pridie.
1457 409 1536 450 Ve-

45 454 176 493 cul‘m‘)
201 456 237 493 V
254 457 310 494 Id·
331 471 437 507 nisse
465 482 489 506 a
517 469 686 508 Caesare
715 471 903 508 narrabat
930 470 1111 517 litteras3
1140 472 1217 511 hoc
1243 475 1432 522 scribere,
1460 477 1536 515 sibi

51 510 127 547 '⁰⁷¹'
148 523 184 548 α’
209 512 286 550 709
329 540 487 573 certum
502 548 589 575 esse
606 535 755 574 Romae
771 550 949 584 manere,
963 550 1203 590 causamque
1217 552 1307 579 eam
1321 542 1536 590 ascribere,

328 614 431 651 quae
453 606 541 640 erat
558 603 602 640 in
621 601 797 652 epistula
814 607 962 652 nostra,
983 617 1038 642 ne
1057 617 1101 643 se
1119 605 1290 645 absente
1309 605 1422 659 leges
1441 621 1536 647 suae

327 667 661 718 neglegerentur,
689 670 795 706 sicut
824 674 933 707 esset
960 669 1151 720 neglecta
1177 675 1426 724 sumptuaria
1454 672 1537 726 (est

327 734 496 787 εὔλογον,
516 733 640 784 idque
660 746 770 772 eram
790 736 1025 786 suspicatus.
1077 735 1159 775 Sed
1178 739 1266 776 istis
1283 751 1370 776 mos
1389 752 1535 790 geren-

326 799 401 838 dus
421 804 497 847 est,
516 801 594 837 nisi
614 799 750 850 placet
777 798 883 838 hanc
910 803 1038 851 ipsam
1067 805 1315 841 sententiam
1342 817 1415 843 nos
1444 817 1535 856 per-

325 864 471 918 sequi),
491 870 535 904 et
555 864 776 903 Lentulum
796 879 888 904 cum
918 866 1089 905 Metella
1108 874 1220 907 certe
1239 868 1383 908 fecisse
1402 870 1534 909 divor·

325 934 440 969 tium.
510 931 627 969 Haec
665 933 799 968 omnia
836 936 882 970 tu
920 932 1078 971 melius.
1147 934 1358 974 Rescribes
1395 938 1532 988 igitur,

325 995 517 1048 quicquid
547 995 669 1043 voles,
700 996 798 1034 dum
827 996 948 1035 modo
977 997 1141 1050 aliquid.
1201 999 1287 1038 Iam
1316 1003 1424 1040 enim
1450 1015 1534 1041 non

324 1065 495 1113 reperio,
525 1062 623 1114 quid
653 1067 697 1100 te
727 1065 1015 1114 rescripturum
1048 1069 1206 1115 putem,
1234 1067 1313 1106 nisi
1343 1066 1450 1107 forte
1479 1068 1532 1108 de

326 1127 516 1175 Mustela,
534 1133 607 1166 aut
625 1130 658 1166 si
677 1127 821 1166 Silium
842 1128 1001 1169 videris.

874 1259 981 1298 vna

719 1344 859 1369 elcmno
888 1344 1028 1370 ATTICO
1057 1346 1134 1373 SAL.

37 1399 116 1438 Sor.
139 1398 178 1437 in
209 1399 303 1438 Tus-
378 1401 527 1440 Brutus
544 1401 633 1441 heri
652 1404 766 1440 venit
783 1404 825 1440 in
846 1402 1118 1441 Tusculanum
1144 1409 1237 1455 post
1259 1403 1399 1444 horam
1419 1406 1527 1446 deci-

34 1454 166 1492 ⁰²¹l⁰⁷⁸⁰
187 1455 207 1491 Ῑ
214 1455 249 1492 V
322 1482 439 1506 mam.
500 1468 637 1506 Hodie
666 1471 792 1518 igitur
820 1482 887 1507 me
915 1469 1083 1517 videbit,
1112 1483 1160 1508 ac
1189 1470 1337 1510 vellem
1362 1478 1452 1512 tum
1479 1479 1526 1514 tu

38 1508 141 1601 {5391
139 1522 198 1547 ηπ·
220 1523 256 1550 α·
320 1533 492 1571 adesses.
536 1533 637 1572 Iussi
653 1533 842 1585 equidem
858 1536 895 1572 ei
907 1537 1085 1573 nuntiari
1095 1540 1152 1583 te,
1164 1536 1298 1587 quoad
1311 1541 1525 1588 potuisses,

319 1604 575 1649 exspectasse
595 1602 681 1637 eius
699 1599 921 1638 adventum
951 1606 1261 1653 venturumque,
1281 1605 1314 1641 si
1332 1603 1524 1652 audisses,

316 1677 477 1716 meque,
493 1670 540 1703 ut
558 1664 673 1712 facio,
693 1668 887 1703 continuo
904 1670 948 1704 te
969 1669 1182 1705 certiorem
1201 1680 1290 1706 esse
1309 1667 1521 1709 facturum.

867 1807 970 1845 VIII

705 1891 845 1916 cremo
875 1891 1017 1917 ATTICO
1045 1893 1123 1920 sm..

27 1948 107 1987 Scr.
133 1948 172 1987 in
199 1949 293 1989 Tus-
369 1947 491 1986 Plane
510 1947 612 1986 nihil
628 1954 728 1996 erat,
743 1948 851 2000 quod
870 1948 922 1987 ad
941 1954 985 1988 te
1005 1950 1247 1998 scriberem3
1272 1952 1393 1992 modo
1407 1957 1516 1995 enim

26 2004 158 2042 culam
183 2003 217 2041 V
218 2005 241 2041 Ῑ
311 2013 551 2053 discesseras
579 2019 623 2053 et
649 2014 770 2065 paulo
794 2020 887 2065 post
913 2015 1082 2066 triplicis
1103 2019 1323 2057 remiseras.
1383 2019 1515 2059 Velim

28 2058 189 2152 {gisum
209 2072 245 2097 α·
310 2093 426 2172 <gaes
445 2079 679 2119 fasciculum
698 2080 749 2118 ad
771 2080 1001 2119 Vestorium
1026 2081 1296 2122 deferendum
1324 2088 1368 2122 et
1394 2084 1513 2123 alicui
