1572 2378
548 146 774 184 MARCUS
813 145 1059 185 TULLIUS
1097 146 1297 186 CICERO

318 234 472 272 Tamen
493 234 632 272 Idibus
653 234 811 272 Martiis
829 239 991 272 tantum
1009 237 1179 273 accessit
1196 234 1248 273 ad
1265 248 1458 285 amorem,
1475 241 1522 275 ut

318 306 484 343 mirarer
506 304 640 342 locum
662 304 786 343 fuisse
813 305 990 356 augendi
1018 308 1061 343 in
1089 318 1151 353 eo,
1180 305 1288 357 quod
1316 305 1415 343 mihi
1441 307 1522 344 iam

319 375 477 426 pridem
503 376 752 414 cumulatum
781 379 905 415 etiam
934 376 1156 416 videbatur.
1215 376 1317 425 Quis
1335 382 1436 424 erat,
1453 379 1521 430 qui

319 453 484 498 putaret
514 448 567 486 ad
600 461 694 486 eum
730 461 922 496 amorem,
952 461 1075 500 quem
1107 461 1203 499 erga
1233 453 1278 487 te
1310 448 1522 496 habebam,

320 532 436 571 posse
466 519 619 571 aliquid
648 519 871 557 accedere?
931 518 1109 557 Tantum
1137 522 1319 567 accessit,
1349 524 1396 557 ut
1423 518 1523 558 mihi

319 602 428 628 nunc
457 589 636 642 denique
664 603 798 628 amare
828 589 978 637 videar,
1006 595 1103 628 ante
1130 589 1331 629 dilexisse.
1388 589 1523 638 Quare

319 661 416 713 quid
437 665 514 709 est,
532 660 641 712 quod
661 674 738 711 ego
760 665 805 699 te
829 660 980 708 horter,
1010 666 1056 699 ut
1083 661 1277 712 dignitati
1302 666 1347 700 et
1372 661 1524 713 gloriae

319 733 495 771 servias?
555 731 780 783 Proponam
817 733 893 771 tibi
929 732 1055 770 claros
1092 735 1210 781 viros,
1246 732 1354 785 quod
1391 733 1524 772 facere

319 803 466 851 solent,
495 806 566 855 qui
595 802 837 842 hortantur?
895 803 1112 842 Neminem
1151 803 1281 843 habeo
1316 804 1524 843 clariorem

319 888 440 926 quam
477 879 521 913 te
558 876 701 925 ipsum.
759 874 818 913 Te
855 876 1016 913 imitere
1053 880 1228 926 oportet,
1265 880 1402 915 tecum
1438 878 1525 928 ipse

320 951 464 985 certes.
522 946 586 985 Ne
614 946 712 984 licet
739 945 906 997 quidem
924 947 1000 984 tibi
1019 949 1099 984 iam
1116 949 1243 985 tantis
1262 947 1382 986 rebus
1400 949 1526 998 gestis

320 1030 403 1055 non
421 1019 483 1055 tui
502 1016 675 1055 similem
696 1029 795 1056 esse.
845 1016 966 1064 Quod
985 1029 1078 1055 cum
1096 1019 1154 1056 ita
1172 1020 1238 1064 sit,
1253 1017 1429 1056 hortatio
1443 1031 1525 1064 non

320 1093 385 1128 est
402 1090 640 1135 necessaria,
654 1088 927 1139 gratulatione
942 1091 1070 1139 magis
1084 1089 1285 1127 utendum
1299 1094 1374 1128 est.
1423 1089 1526 1129 Con-

319 1161 416 1210 tigit
444 1162 554 1197 enim
583 1159 672 1207 tibi,
693 1159 803 1210 quod
822 1159 930 1197 haud
949 1162 1031 1197 scio
1049 1173 1102 1197 an
1121 1162 1288 1207 nemini,
1306 1165 1354 1199 ut
1371 1173 1527 1200 summa

265 1242 267 1244 ’
320 1234 512 1270 severitas
545 1231 902 1269 animadversionis
934 1244 1017 1270 non
1050 1231 1171 1269 modo
1203 1245 1285 1270 non
1318 1231 1525 1281 invidiosa,

321 1302 393 1340 sed
421 1304 545 1340 etiam
573 1301 776 1353 popularis
798 1306 907 1340 esset
925 1307 970 1340 et
988 1315 1079 1340 cum
1100 1303 1215 1341 bonis
1234 1303 1420 1341 omnibus
1438 1308 1525 1343 tum

320 1372 458 1412 infimo
477 1375 623 1424 cuique
643 1375 879 1423 gratissima.
930 1373 1022 1410 Hoc
1037 1375 1069 1410 si
1085 1374 1160 1411 tibi
1175 1373 1337 1412 fortuna
1355 1373 1527 1425 quadam

321 1446 572 1494 contigisset,
610 1443 834 1495 gratularer
876 1443 1063 1481 felicitati
1101 1449 1208 1491 tuae,
1245 1444 1318 1483 sed
1355 1447 1528 1496 contigit

321 1514 604 1566 magnitudine
642 1527 734 1553 cum
770 1517 894 1552 animi
930 1520 1019 1553 tum
1057 1518 1181 1553 etiam
1218 1518 1372 1567 ingenii
1404 1522 1527 1570 atque

322 1585 488 1625 consilii.
558 1585 661 1636 Legi
698 1588 807 1624 enim
846 1589 1078 1624 contionem
1116 1591 1239 1625 tuam.
1311 1587 1421 1625 Nihil
1460 1587 1528 1627 illa

322 1659 555 1708 sapientius.
605 1657 670 1695 Ita
688 1657 987 1708 pedetemptim
1006 1663 1050 1696 et
1069 1658 1268 1708 gradatim
1288 1663 1377 1698 tum
1395 1673 1527 1699 acces—

322 1741 389 1767 sus
416 1742 440 1766 a
467 1734 511 1768 te
538 1728 590 1766 ad
619 1741 778 1766 causam
808 1728 918 1775 facti,
946 1734 1034 1767 tum
1064 1742 1256 1777 recessus,
1287 1735 1333 1769 ut
1355 1743 1418 1769 res
1443 1734 1529 1783 ipsa

322 1802 600 1838 maturitatem
634 1800 709 1838 tibi
741 1799 1091 1838 animadvertendi
1124 1804 1304 1839 omnium
1337 1815 1527 1842 concessu

322 1870 449 1910 daret.
499 1871 698 1909 Liberasti
718 1873 842 1921 igitur
857 1876 901 1909 et
914 1871 1056 1909 urbem
1071 1871 1250 1922 periculo
1265 1877 1309 1910 et
1323 1876 1528 1912 civitatem

322 1947 451 1990 metu,
472 1955 606 1994 neque
632 1941 761 1980 solum
790 1942 841 1980 ad
871 1947 1033 1993 tempus
1062 1946 1278 1981 maximam
1308 1943 1528 1984 utilitatem

322 2014 509 2061 attulisti,
529 2013 602 2053 sed
621 2016 745 2052 etiam
764 2013 816 2052 ad
836 2014 1078 2066 exemplum.
1129 2014 1221 2062 Quo
1241 2014 1348 2054 sacto
1369 2015 1528 2055 intelle-

321 2098 418 2179 ἔξω
436 2085 563 2123 debes
582 2087 623 2122 in
643 2090 686 2123 te
706 2088 878 2135 positam
906 2098 994 2124 esse
1022 2098 1108 2124 rem
1138 2086 1351 2136 publicam,
1371 2087 1528 2139 tibique

322 2143 345 2176 2
376 2143 401 2177 0
