1572 2378
574 152 799 191 MARCUS
838 152 1082 191 TULLIUS
1124 151 1325 191 CICERO

350 238 452 278 Mihi
469 244 609 278 autem
619 252 702 278 non
715 245 778 278 est
789 240 968 287 dubium,
983 242 1081 291 quin
1093 253 1158 278 res
1170 243 1331 291 spectet
1343 238 1396 278 ad
1408 243 1548 278 castra.

349 311 452 350 Acta
479 313 589 350 enim
617 310 687 349 illa
713 324 778 349 res
807 317 871 350 est
896 313 1031 349 animo
1057 311 1170 358 virili,
1198 310 1365 349 consilio
1392 309 1548 362 puerili.

347 382 448 430 Quis
467 385 577 420 enim
604 382 682 420 hoc
710 396 792 420 non
821 382 935 430 vidit,
965 385 1083 434 regni
1110 381 1306 421 heredem
1333 381 1550 421 relictum?

347 453 457 502 Quid
474 459 612 493 autem
630 454 869 492 absurdius?

412 546 439 565 ‘⁸
451 543 544 581 Hoc
563 544 760 589 metuere,
780 542 954 580 alterurn
975 545 1016 580 in
1035 547 1149 581 metu
1167 555 1251 581 non
1269 543 1422 594 ponere
1436 542 1445 580 ἰ
1457 540 1482 556 ''

346 631 457 678 Quin
492 634 617 670 etiam
658 631 736 669 hoc
777 634 864 682 ipso
905 637 1092 682 tempore
1132 631 1263 671 multa
1303 632 1550 672 ὗποσόλοικα.

350 704 466 742 Ponti
488 703 804 755 Neapolitanum
828 717 852 741 a
869 708 1000 742 matre
1021 705 1308 755 tyrannoctoni
1331 701 1549 754 possideri!

348 774 564 825 Legendus
579 774 678 812 mihi
693 776 852 825 saepius
867 779 932 813 est
947 774 1083 812 “Cato
1097 773 1253 812 maior”
1269 773 1321 812 ad
1335 779 1379 813 te
1394 776 1549 814 missus.

345 846 596 884 Amariorem
615 847 726 884 enim
745 858 810 884 me
829 850 1019 883 senectus
1041 844 1149 883 facit.
1208 844 1448 883 stomachor
1465 857 1550 883 om-

343 919 419 955 nia.
489 917 570 956 Sed
598 916 698 954 mihi
726 916 892 968 quidem
918 916 1128 967 βεβίωται;
1165 916 1343 955 viderint
1370 919 1548 956 iuvenes.

343 989 403 1027 Tu
422 1001 515 1026 mea
533 989 704 1035 curabis,
722 992 770 1026 ut
788 1000 914 1026 curas.

397 1060 514 1098 Haec
542 1062 681 1111 scripsi
710 1072 783 1098 seu
812 1059 964 1098 dictavi
993 1062 1178 1111 apposita
1204 1059 1383 1098 secunda
1409 1071 1550 1098 mensa

340 1131 448 1183 apud
471 1131 711 1169 Vestorium.
771 1129 969 1168 Postridie
989 1130 1098 1182 apud
1119 1130 1302 1169 Hirtium
1321 1131 1549 1182 cogitabam

341 1208 385 1242 et
413 1202 579 1254 quidem
608 1201 866 1242 πεντέλοιπον.
922 1200 988 1239 Sic
1018 1200 1226 1239 hominem
1253 1201 1468 1241 traducere
1495 1202 1550 1242 ad

339 1279 571 1327 optumates
600 1285 709 1324 paro.
765 1275 891 1324 Λῆρος
923 1274 1053 1315 πολύς.
1110 1272 1244 1312 Nemo
1273 1277 1338 1312 est
1366 1276 1545 1323 istorum,

339 1349 408 1399 qui
422 1349 548 1384 otium
566 1358 649 1382 non
663 1347 818 1383 timeat.
860 1343 996 1392 Quare
1010 1344 1152 1382 talaria
1166 1343 1383 1383 videamus.
1423 1343 1549 1392 Quid·

339 1421 397 1457 vis
417 1420 526 1456 enim
545 1419 680 1468 potius
700 1429 820 1467 quam
842 1421 982 1454 castra.

394 1490 556 1528 Atticae
580 1487 753 1526 salutem
778 1487 991 1538 plurimam
1015 1487 1136 1525 velim
1164 1487 1284 1526 dicas.
1343 1486 1548 1539 Exspecto

339 1561 485 1600 Octavi
513 1562 746 1597 contionem
775 1564 820 1596 et
848 1561 881 1597 si
911 1558 1010 1610 quid
1039 1558 1161 1606 aliud,
1191 1560 1366 1597 maxime
1393 1563 1542 1607 autem,

338 1630 484 1684 ecquid
504 1629 717 1668 Dolabella
745 1632 896 1668 tinniat
922 1642 975 1667 an
1002 1631 1045 1667 in
1072 1642 1165 1668 meo
1194 1631 1358 1668 nomine
1386 1629 1544 1668 tabulas

337 1714 460 1741 novas
478 1701 632 1740 fecerit.

379 1797 388 1817 ¹
414 1798 576 1837 Servilia,
596 1797 735 1830 mother
751 1797 787 1829 of
802 1796 945 1829 Brutus.

378 1841 393 1862 ²
415 1842 450 1874 If
479 1841 551 1874 this
582 1840 729 1883 reading
759 1841 788 1873 is
820 1842 966 1880 correct,
995 1839 1112 1872 which
1138 1839 1168 1872 is
1193 1850 1279 1882 very
1303 1838 1483 1879 doubtful,
1512 1839 1544 1873 it

336 1884 508 1929 probably
545 1884 655 1918 refers
700 1887 739 1918 to
781 1883 934 1923 Hirtius,
980 1883 1105 1924 Pansa,
1147 1882 1330 1924 Octavius,
1369 1882 1542 1917 Lontulun

335 2134 414 2176 286
