1592 2366
79 1199 156 1236 Ser.
186 1198 346 1236 Asturae

84 1252 210 1290 lVId.
226 1252 345 1290 Mart.

79 1321 114 1345 a.
138 1309 214 1346 709

596 190 823 230 MARCUS
861 190 1106 230 TULLIUS
1145 191 1347 231 CICERO

364 282 473 316 esset
500 280 543 315 in
572 283 615 317 te
643 292 737 326 uno,
767 283 824 326 et,
853 291 944 317 cum
973 281 1148 329 primum
1175 280 1227 317 ab
1255 279 1392 332 aliquo
1420 283 1572 332 poterit

363 361 464 395 esse,
484 363 507 386 a
526 354 569 387 te
591 351 679 387 erit.
740 348 860 388 Nunc
888 354 1028 388 tamen
1056 353 1188 402 ipsum
1203 352 1299 389 sine
1318 356 1362 389 te
1382 363 1471 390 esse
1489 365 1571 390 non

362 432 535 469 possum.
595 419 676 458 Sed
705 433 782 458 nec
810 425 906 458 tuae
935 420 1045 459 domi
1073 421 1333 472 probabatur,
1351 434 1428 460 nec
1453 435 1571 462 meae

362 495 559 540 poteram,
579 503 670 537 nee,
689 493 722 528 si
741 493 905 542 propius
926 504 1055 530 essem
1074 494 1244 543 uspiam,
1267 497 1405 530 tecum
1433 496 1570 532 tamen

362 574 502 599 essem.
563 561 678 600 Idem
699 563 808 599 enim
829 567 872 600 te
891 562 1124 613 impediret,
1143 576 1224 614 quo
1249 565 1382 602 minus
1409 575 1570 603 mecum

362 645 483 680 esses,
512 632 620 684 quod
649 646 758 670 nunc
787 635 909 670 etiam
940 632 1123 684 impedit.
1184 633 1288 672 Mihi
1314 633 1414 672 nihil
1438 633 1571 673 adhuc

362 706 495 754 aptius
515 703 593 741 fuit
613 703 688 741 hae
707 703 952 748 solitudine3
980 717 1101 755 quam
1128 717 1268 743 vereor
1289 718 1340 743 ne
1363 705 1572 757 Philippus

362 774 491 812 tollat.
553 774 654 813 Heri
684 776 794 812 enim
823 778 980 825 vesperi
1009 781 1188 814 venerat.
1249 775 1318 814 Me
1345 778 1511 827 scriptio
1529 781 1572 815 et

364 845 526 884 litterae
546 858 628 883 non
648 845 823 893 leniunt,
842 845 913 884 sed
934 846 1168 885 obturbant.

909 1038 1028 1076 XVII

759 1130 898 1154 ClCEssO
930 1130 1071 1155 ATTICO
1101 1130 1179 1157 SAL.

421 1197 648 1235 Marcianus
667 1196 717 1234 ad
738 1210 804 1235 me
824 1199 983 1247 scripsit
1002 1210 1068 1236 me
1089 1202 1325 1236 excusatum
1352 1211 1440 1237 esse
1464 1198 1573 1251 apud

367 1268 614 1319 Appuleium
634 1281 658 1305 a
678 1267 914 1314 Laterense,
935 1268 1110 1316 Nasone,
1134 1267 1329 1315 Laenate,
1355 1268 1573 1321 Torquato,

367 1339 576 1377 Strabone.
639 1339 691 1376 Iis
712 1339 831 1377 velim
851 1352 943 1377 meo
966 1341 1131 1377 nomine
1160 1339 1389 1379 reddendas
1415 1340 1574 1380 litteras

365 1423 480 1448 cures
507 1414 668 1459 gratum
688 1409 787 1446 mihi
809 1422 876 1447 eos
897 1409 1052 1448 fecisse.
1111 1409 1231 1457 Quod
1263 1424 1334 1461 pro
1363 1410 1585 1468 Cornificio·

363 1494 429 1519 me
451 1480 599 1518 abhinc
626 1480 799 1531 amplius
827 1483 944 1518 annis
970 1493 1050 1539 chv
1078 1481 1343 1532 spopondisse
1363 1481 1465 1521 dicit
1483 1481 1572 1521 Fla-

362 1554 462 1598 vius,
486 1553 564 1589 etsi
593 1563 685 1588 reus
713 1550 895 1601 locuples
924 1555 988 1589 est
1016 1556 1059 1589 et
1089 1551 1315 1602 Appuleius
1343 1551 1573 1603 praediator

363 1621 551 1668 liberalis,
581 1626 720 1659 tamen
750 1621 871 1659 velim
901 1621 974 1660 des
1002 1635 1180 1672 operam,
1206 1628 1253 1660 ut
1281 1624 1503 1674 investiges
1521 1637 1573 1664 ex

363 1705 676 1743 consponsorum
698 1692 858 1739 tabulis,
878 1696 984 1731 sitne
1005 1695 1062 1730 ita
1083 1693 1198 1742 (mihi
1218 1696 1327 1732 enim
1345 1699 1443 1732 ante
1461 1694 1571 1734 aedi-

362 1764 521 1802 litatem
536 1776 667 1801 meam
684 1763 784 1800 nihil
802 1768 890 1801 erat
904 1777 995 1801 cum
1013 1763 1235 1804 Cornificio.
1278 1763 1419 1802 Potest
1433 1770 1571 1805 tamen

362 1835 471 1880 fieri3
491 1834 562 1872 sed
575 1836 677 1872 scire
690 1839 847 1872 certum
860 1834 1014 1884 velim),
1027 1839 1070 1872 et
1084 1834 1265 1886 appelles
1279 1841 1570 1885 procuratores,

361 1909 392 1945 si
426 1907 502 1944 tibi
534 1905 706 1943 videtur.
766 1904 1022 1956 Quamquam
1053 1905 1149 1956 quid
1184 1905 1235 1944 ad
1269 1907 1365 1944 me?
1422 1906 1571 1946 Verum

361 1982 511 2015 tamen.
584 1976 735 2014 Pansae
779 1975 1074 2026 profectionem
1117 1975 1280 2024 scribes,
1321 1989 1413 2014 cum
1455 1979 1568 2017 scies.

364 2049 541 2086 Atticam
587 2047 740 2085 salvere
779 2047 874 2084 iube
912 2051 955 2084 et
994 2059 1081 2084 eam
1122 2060 1228 2093 cura,
1267 2047 1446 2094 obsecro,
1479 2047 1569 2086 dili-

361 2124 519 2169 genter.
582 2118 704 2155 Piliae
725 2117 909 2155 salutem.

364 2177 414 2210 32
