<?xml version="1.0" encoding="UTF-8"?>
<!DOCTYPE html PUBLIC "-//W3C//DTD XHTML 1.0 Transitional//EN"
    "http://www.w3.org/TR/xhtml1/DTD/xhtml1-transitional.dtd">
<html xmlns="http://www.w3.org/1999/xhtml" xml:lang="en" lang="en">
 <head>
  <title>
</title>
<meta http-equiv="Content-Type" content="text/html;charset=utf-8" />
  <meta name='ocr-system' content='tesseract 3.04.00' />
  <meta name='ocr-capabilities' content='ocr_page ocr_carea ocr_par ocr_line ocrx_word'/>
</head>
<body>
  <div class='ocr_page' id='page_1' title='image "./letterstoatticuswins03ciceuoft_0088.png"; bbox 0 0 1572 2378; ppageno 0'>
   <div class='ocr_carea' id='block_1_1' title="bbox 556 149 1309 190">
    <p class='ocr_par' dir='ltr' id='par_1_1' title="bbox 556 149 1309 190">
     <span class='ocr_line' id='line_1_1' title="bbox 556 149 1309 190; baseline 0.004 -4"><span class='ocrx_word' id='word_1_1' title='bbox 556 149 783 188; x_wconf 88' lang='lat' dir='ltr'>MARCUS</span> <span class='ocrx_word' id='word_1_2' title='bbox 821 150 1066 189; x_wconf 91' lang='lat' dir='ltr'>TULLIUS</span> <span class='ocrx_word' id='word_1_3' title='bbox 1105 151 1309 190; x_wconf 86' lang='lat' dir='ltr'>CICERO</span> 
     </span>
    </p>
   </div>
   <div class='ocr_carea' id='block_1_2' title="bbox 853 271 1007 310">
    <p class='ocr_par' dir='ltr' id='par_1_2' title="bbox 853 271 1007 310">
     <span class='ocr_line' id='line_1_2' title="bbox 853 271 1007 310; baseline 0 -1"><span class='ocrx_word' id='word_1_4' title='bbox 853 271 1007 310; x_wconf 90' lang='lat' dir='ltr'>XXXV</span> 
     </span>
    </p>
   </div>
   <div class='ocr_carea' id='block_1_3' title="bbox 725 363 1142 390">
    <p class='ocr_par' dir='ltr' id='par_1_3' title="bbox 725 363 1142 390">
     <span class='ocr_line' id='line_1_3' title="bbox 725 363 1142 390; baseline 0.005 -2"><span class='ocrx_word' id='word_1_5' title='bbox 725 363 811 389; x_wconf 66' lang='lat' dir='ltr'>eicis:</span> <span class='ocrx_word' id='word_1_6' title='bbox 816 364 865 388; x_wconf 70' lang='lat'>¹10</span> <span class='ocrx_word' id='word_1_7' title='bbox 894 364 1035 389; x_wconf 78' lang='lat' dir='ltr'>ATTICO</span> <span class='ocrx_word' id='word_1_8' title='bbox 1065 365 1142 390; x_wconf 79' lang='lat' dir='ltr'>SAL.</span> 
     </span>
    </p>
   </div>
   <div class='ocr_carea' id='block_1_4' title="bbox 47 429 1542 1206">
    <p class='ocr_par' dir='ltr' id='par_1_4' title="bbox 47 429 1542 1206">
     <span class='ocr_line' id='line_1_4' title="bbox 47 429 1537 484; baseline 0.002 -15"><span class='ocrx_word' id='word_1_9' title='bbox 47 434 125 471; x_wconf 88' lang='lat' dir='ltr'>Scr.</span> <span class='ocrx_word' id='word_1_10' title='bbox 147 432 247 484; x_wconf 77' lang='lat' dir='ltr'>fort,</span> <span class='ocrx_word' id='word_1_11' title='bbox 275 430 313 469; x_wconf 81' lang='grc' dir='ltr'>ἰπ</span> <span class='ocrx_word' id='word_1_12' title='bbox 385 429 617 481; x_wconf 81' lang='lat' dir='ltr'>Antequam</span> <span class='ocrx_word' id='word_1_13' title='bbox 646 443 670 467; x_wconf 85' lang='lat' dir='ltr'>a</span> <span class='ocrx_word' id='word_1_14' title='bbox 697 434 741 468; x_wconf 86' lang='lat' dir='ltr'>te</span> <span class='ocrx_word' id='word_1_15' title='bbox 769 433 952 480; x_wconf 84' lang='lat' dir='ltr'>proxime</span> <span class='ocrx_word' id='word_1_16' title='bbox 980 430 1159 478; x_wconf 84' lang='lat' dir='ltr'>discessi,</span> <span class='ocrx_word' id='word_1_17' title='bbox 1189 445 1409 484; x_wconf 81' lang='lat' dir='ltr'><strong>numquam</strong></span> <span class='ocrx_word' id='word_1_18' title='bbox 1436 433 1537 472; x_wconf 86' lang='lat' dir='ltr'>mihi</span> 
     </span>
     <span class='ocr_line' id='line_1_5' title="bbox 47 486 1538 549; baseline 0.005 -17"><span class='ocrx_word' id='word_1_19' title='bbox 47 486 255 549; x_wconf 60' lang='grc' dir='ltr'>εϊξόηνόαηθ</span> <span class='ocrx_word' id='word_1_20' title='bbox 330 498 506 534; x_wconf 90' lang='lat' dir='ltr'>venitin</span> <span class='ocrx_word' id='word_1_21' title='bbox 523 500 720 542; x_wconf 86' lang='lat' dir='ltr'>mentem,</span> <span class='ocrx_word' id='word_1_22' title='bbox 743 508 823 547; x_wconf 90' lang='lat' dir='ltr'>quo</span> <span class='ocrx_word' id='word_1_23' title='bbox 845 495 935 547; x_wconf 93' lang='lat' dir='ltr'>plus</span> <span class='ocrx_word' id='word_1_24' title='bbox 963 499 1215 548; x_wconf 87' lang='lat' dir='ltr'>insumptum</span> <span class='ocrx_word' id='word_1_25' title='bbox 1243 501 1286 536; x_wconf 90' lang='lat' dir='ltr'>in</span> <span class='ocrx_word' id='word_1_26' title='bbox 1313 502 1538 539; x_wconf 87' lang='lat' dir='ltr'>monimen-</span> 
     </span>
     <span class='ocr_line' id='line_1_6' title="bbox 47 540 1538 614; baseline 0.004 -16"><span class='ocrx_word' id='word_1_27' title='bbox 47 543 175 580; x_wconf 66' lang='lat' dir='ltr'>chae</span> <span class='ocrx_word' id='word_1_28' title='bbox 194 540 242 578; x_wconf 78' lang='lat' dir='ltr'>K·</span> <span class='ocrx_word' id='word_1_29' title='bbox 330 566 420 600; x_wconf 90' lang='lat' dir='ltr'>tum</span> <span class='ocrx_word' id='word_1_30' title='bbox 442 567 551 599; x_wconf 89' lang='lat' dir='ltr'>esset</span> <span class='ocrx_word' id='word_1_31' title='bbox 576 574 695 612; x_wconf 89' lang='lat' dir='ltr'>quam</span> <span class='ocrx_word' id='word_1_32' title='bbox 724 563 861 599; x_wconf 91' lang='lat' dir='ltr'>nescio</span> <span class='ocrx_word' id='word_1_33' title='bbox 889 561 1002 612; x_wconf 91' lang='lat' dir='ltr'>quid,</span> <span class='ocrx_word' id='word_1_34' title='bbox 1029 562 1138 613; x_wconf 91' lang='lat' dir='ltr'>quod</span> <span class='ocrx_word' id='word_1_35' title='bbox 1167 562 1260 614; x_wconf 85' lang='lat' dir='ltr'>lege</span> <span class='ocrx_word' id='word_1_36' title='bbox 1289 564 1538 612; x_wconf 82' lang='lat' dir='ltr'>conceditur,</span> 
     </span>
     <span class='ocr_line' id='line_1_7' title="bbox 48 600 1540 689; baseline 0.003 -25"><span class='ocrx_word' id='word_1_37' title='bbox 48 610 155 689; x_wconf 41' lang='lat'>{³32}</span> <span class='ocrx_word' id='word_1_38' title='bbox 165 600 235 687; x_wconf 51' lang='lat' dir='ltr'><em>alsa}</em></span> <span class='ocrx_word' id='word_1_39' title='bbox 331 627 577 666; x_wconf 81' lang='lat' dir='ltr'>tantundem</span> <span class='ocrx_word' id='word_1_40' title='bbox 596 626 747 677; x_wconf 93' lang='lat' dir='ltr'>populo</span> <span class='ocrx_word' id='word_1_41' title='bbox 766 626 947 665; x_wconf 88' lang='lat' dir='ltr'>dandum</span> <span class='ocrx_word' id='word_1_42' title='bbox 972 640 1071 668; x_wconf 90' lang='lat' dir='ltr'>esse.</span> <span class='ocrx_word' id='word_1_43' title='bbox 1132 628 1254 676; x_wconf 86' lang='lat' dir='ltr'>Quod</span> <span class='ocrx_word' id='word_1_44' title='bbox 1281 642 1363 668; x_wconf 91' lang='lat' dir='ltr'>non</span> <span class='ocrx_word' id='word_1_45' title='bbox 1392 643 1540 682; x_wconf 78' lang='lat' dir='ltr'>magno</span> 
     </span>
     <span class='ocr_line' id='line_1_8' title="bbox 51 693 1540 747; baseline 0.003 -17"><span class='ocrx_word' id='word_1_46' title='bbox 51 706 147 743; x_wconf 47' lang='lat' dir='ltr'><strong><em>Non·</em></strong></span> <span class='ocrx_word' id='word_1_47' title='bbox 164 703 261 742; x_wconf 80' lang='lat' dir='ltr'>Mai.</span> <span class='ocrx_word' id='word_1_48' title='bbox 279 718 312 741; x_wconf 64' lang='lat' dir='ltr'>a,</span> <span class='ocrx_word' id='word_1_49' title='bbox 333 706 456 744; x_wconf 88' lang='lat' dir='ltr'>opere</span> <span class='ocrx_word' id='word_1_50' title='bbox 475 697 670 739; x_wconf 90' lang='lat' dir='ltr'>moveret,</span> <span class='ocrx_word' id='word_1_51' title='bbox 690 695 768 730; x_wconf 90' lang='lat' dir='ltr'>nisi</span> <span class='ocrx_word' id='word_1_52' title='bbox 787 695 924 730; x_wconf 90' lang='lat' dir='ltr'>nescio</span> <span class='ocrx_word' id='word_1_53' title='bbox 952 693 1167 744; x_wconf 90' lang='lat' dir='ltr'>quomodo,</span> <span class='ocrx_word' id='word_1_54' title='bbox 1196 695 1344 747; x_wconf 77' lang='grc' dir='ltr'>ἀλόγως</span> <span class='ocrx_word' id='word_1_55' title='bbox 1370 694 1540 735; x_wconf 65' lang='lat' dir='ltr'>fortasse</span> 
     </span>
     <span class='ocr_line' id='line_1_9' title="bbox 53 757 1540 811; baseline 0.001 -13"><span class='ocrx_word' id='word_1_56' title='bbox 53 761 127 798; x_wconf 80' lang='lat'>709</span> <span class='ocrx_word' id='word_1_57' title='bbox 334 758 485 796; x_wconf 88' lang='lat' dir='ltr'>nollem</span> <span class='ocrx_word' id='word_1_58' title='bbox 513 757 615 796; x_wconf 91' lang='lat' dir='ltr'>illud</span> <span class='ocrx_word' id='word_1_59' title='bbox 644 757 727 795; x_wconf 90' lang='lat' dir='ltr'>ullo</span> <span class='ocrx_word' id='word_1_60' title='bbox 754 761 919 796; x_wconf 90' lang='lat' dir='ltr'>nomine</span> <span class='ocrx_word' id='word_1_61' title='bbox 945 761 1022 797; x_wconf 89' lang='lat' dir='ltr'>nisi</span> <span class='ocrx_word' id='word_1_62' title='bbox 1047 758 1131 797; x_wconf 88' lang='lat' dir='ltr'>fani</span> <span class='ocrx_word' id='word_1_63' title='bbox 1154 759 1361 811; x_wconf 81' lang='lat' dir='ltr'>appellari.</span> <span class='ocrx_word' id='word_1_64' title='bbox 1419 761 1540 810; x_wconf 87' lang='lat' dir='ltr'>Quod</span> 
     </span>
     <span class='ocr_line' id='line_1_10' title="bbox 331 823 1542 876; baseline 0.003 -14"><span class='ocrx_word' id='word_1_65' title='bbox 331 828 364 863; x_wconf 92' lang='lat' dir='ltr'>si</span> <span class='ocrx_word' id='word_1_66' title='bbox 385 824 581 871; x_wconf 90' lang='lat' dir='ltr'>volumus,</span> <span class='ocrx_word' id='word_1_67' title='bbox 600 837 754 871; x_wconf 87' lang='lat' dir='ltr'>vereor,</span> <span class='ocrx_word' id='word_1_68' title='bbox 774 837 827 862; x_wconf 92' lang='lat' dir='ltr'>ne</span> <span class='ocrx_word' id='word_1_69' title='bbox 847 823 1015 876; x_wconf 84' lang='lat' dir='ltr'>adsequi</span> <span class='ocrx_word' id='word_1_70' title='bbox 1034 838 1117 863; x_wconf 91' lang='lat' dir='ltr'>non</span> <span class='ocrx_word' id='word_1_71' title='bbox 1139 828 1337 876; x_wconf 85' lang='lat' dir='ltr'>possimus</span> <span class='ocrx_word' id='word_1_72' title='bbox 1357 829 1435 865; x_wconf 91' lang='lat' dir='ltr'>nisi</span> <span class='ocrx_word' id='word_1_73' title='bbox 1453 839 1542 866; x_wconf 89' lang='lat' dir='ltr'>mu-</span> 
     </span>
     <span class='ocr_line' id='line_1_11' title="bbox 330 888 1541 941; baseline 0.002 -13"><span class='ocrx_word' id='word_1_74' title='bbox 330 894 418 928; x_wconf 87' lang='lat' dir='ltr'>tato</span> <span class='ocrx_word' id='word_1_75' title='bbox 435 889 535 927; x_wconf 90' lang='lat' dir='ltr'>loco.</span> <span class='ocrx_word' id='word_1_76' title='bbox 597 888 688 926; x_wconf 92' lang='lat' dir='ltr'>Hoc</span> <span class='ocrx_word' id='word_1_77' title='bbox 717 888 836 939; x_wconf 89' lang='lat' dir='ltr'>quale</span> <span class='ocrx_word' id='word_1_78' title='bbox 865 891 932 936; x_wconf 92' lang='lat' dir='ltr'>sit,</span> <span class='ocrx_word' id='word_1_79' title='bbox 958 901 1120 941; x_wconf 84' lang='lat' dir='ltr'>quaeso,</span> <span class='ocrx_word' id='word_1_80' title='bbox 1141 890 1363 929; x_wconf 86' lang='lat' dir='ltr'>considera.</span> <span class='ocrx_word' id='word_1_81' title='bbox 1422 891 1541 939; x_wconf 86' lang='lat' dir='ltr'>Nam,</span> 
     </span>
     <span class='ocr_line' id='line_1_12' title="bbox 331 956 1540 1010; baseline 0.003 -17"><span class='ocrx_word' id='word_1_82' title='bbox 331 958 409 994; x_wconf 89' lang='lat' dir='ltr'>etsi</span> <span class='ocrx_word' id='word_1_83' title='bbox 427 958 561 993; x_wconf 89' lang='lat' dir='ltr'>minus</span> <span class='ocrx_word' id='word_1_84' title='bbox 579 967 727 1005; x_wconf 87' lang='lat' dir='ltr'>urgeor</span> <span class='ocrx_word' id='word_1_85' title='bbox 745 967 892 1006; x_wconf 88' lang='lat' dir='ltr'>meque</span> <span class='ocrx_word' id='word_1_86' title='bbox 915 957 1003 1006; x_wconf 90' lang='lat' dir='ltr'>ipse</span> <span class='ocrx_word' id='word_1_87' title='bbox 1029 968 1156 1006; x_wconf 89' lang='lat' dir='ltr'>prope</span> <span class='ocrx_word' id='word_1_88' title='bbox 1184 956 1351 995; x_wconf 90' lang='lat' dir='ltr'>modum</span> <span class='ocrx_word' id='word_1_89' title='bbox 1380 957 1540 1010; x_wconf 83' lang='lat' dir='ltr'>collegi,</span> 
     </span>
     <span class='ocr_line' id='line_1_13' title="bbox 330 1020 1542 1073; baseline 0.003 -14"><span class='ocrx_word' id='word_1_90' title='bbox 330 1027 469 1059; x_wconf 86' lang='lat' dir='ltr'>tamen</span> <span class='ocrx_word' id='word_1_91' title='bbox 499 1020 664 1071; x_wconf 88' lang='lat' dir='ltr'>indigeo</span> <span class='ocrx_word' id='word_1_92' title='bbox 692 1023 753 1058; x_wconf 92' lang='lat' dir='ltr'>tui</span> <span class='ocrx_word' id='word_1_93' title='bbox 785 1020 950 1059; x_wconf 88' lang='lat' dir='ltr'>consilii.</span> <span class='ocrx_word' id='word_1_94' title='bbox 1011 1020 1155 1073; x_wconf 86' lang='lat' dir='ltr'>ltaque</span> <span class='ocrx_word' id='word_1_95' title='bbox 1192 1027 1236 1060; x_wconf 92' lang='lat' dir='ltr'>te</span> <span class='ocrx_word' id='word_1_96' title='bbox 1274 1022 1542 1063; x_wconf 86' lang='lat' dir='ltr'>vehementer</span> 
     </span>
     <span class='ocr_line' id='line_1_14' title="bbox 330 1088 1542 1139; baseline 0.004 -15"><span class='ocrx_word' id='word_1_97' title='bbox 330 1089 454 1125; x_wconf 85' lang='lat' dir='ltr'>etiam</span> <span class='ocrx_word' id='word_1_98' title='bbox 483 1092 607 1137; x_wconf 89' lang='lat' dir='ltr'>atque</span> <span class='ocrx_word' id='word_1_99' title='bbox 638 1088 762 1124; x_wconf 88' lang='lat' dir='ltr'>etiam</span> <span class='ocrx_word' id='word_1_100' title='bbox 793 1099 904 1137; x_wconf 85' lang='lat' dir='ltr'>rogo,</span> <span class='ocrx_word' id='word_1_101' title='bbox 933 1089 1060 1137; x_wconf 89' lang='lat' dir='ltr'>magis</span> <span class='ocrx_word' id='word_1_102' title='bbox 1089 1100 1210 1139; x_wconf 84' lang='lat' dir='ltr'>quam</span> <span class='ocrx_word' id='word_1_103' title='bbox 1237 1101 1263 1126; x_wconf 86' lang='lat' dir='ltr'>a</span> <span class='ocrx_word' id='word_1_104' title='bbox 1288 1101 1356 1127; x_wconf 91' lang='lat' dir='ltr'>me</span> <span class='ocrx_word' id='word_1_105' title='bbox 1385 1091 1444 1129; x_wconf 80' lang='lat' dir='ltr'>vis</span> <span class='ocrx_word' id='word_1_106' title='bbox 1469 1095 1542 1129; x_wconf 80' lang='lat' dir='ltr'>aut</span> 
     </span>
     <span class='ocr_line' id='line_1_15' title="bbox 331 1151 1541 1206; baseline 0.005 -17"><span class='ocrx_word' id='word_1_107' title='bbox 331 1154 481 1203; x_wconf 82' lang='lat' dir='ltr'>pateris</span> <span class='ocrx_word' id='word_1_108' title='bbox 500 1157 542 1190; x_wconf 87' lang='lat' dir='ltr'>te</span> <span class='ocrx_word' id='word_1_109' title='bbox 562 1154 706 1202; x_wconf 83' lang='lat' dir='ltr'>rogari,</span> <span class='ocrx_word' id='word_1_110' title='bbox 734 1156 781 1190; x_wconf 90' lang='lat' dir='ltr'>ut</span> <span class='ocrx_word' id='word_1_111' title='bbox 805 1151 911 1190; x_wconf 87' lang='lat' dir='ltr'>hanc</span> <span class='ocrx_word' id='word_1_112' title='bbox 938 1155 1231 1203; x_wconf 78' lang='lat' dir='ltr'>cogitationem</span> <span class='ocrx_word' id='word_1_113' title='bbox 1258 1159 1348 1192; x_wconf 82' lang='lat' dir='ltr'>toto</span> <span class='ocrx_word' id='word_1_114' title='bbox 1375 1160 1541 1206; x_wconf 77' lang='lat' dir='ltr'>pectore</span> 
     </span>
    </p>
   </div>
   <div class='ocr_carea' id='block_1_5' title="bbox 330 1217 591 1268">
    <p class='ocr_par' dir='ltr' id='par_1_5' title="bbox 330 1217 591 1268">
     <span class='ocr_line' id='line_1_16' title="bbox 330 1217 591 1268; baseline -0.004 -12"><span class='ocrx_word' id='word_1_115' title='bbox 330 1217 591 1268; x_wconf 85' lang='lat' dir='ltr'>amplectare.</span> 
     </span>
    </p>
   </div>
   <div class='ocr_carea' id='block_1_6' title="bbox 730 1348 1183 1479">
    <p class='ocr_par' dir='ltr' id='par_1_6' title="bbox 730 1348 1183 1479">
     <span class='ocr_line' id='line_1_17' title="bbox 847 1348 1025 1386; baseline -0.006 0"><span class='ocrx_word' id='word_1_116' title='bbox 847 1348 1025 1386; x_wconf 89' lang='lat' dir='ltr'>XXXVI</span> 
     </span>
     <span class='ocr_line' id='line_1_18' title="bbox 730 1439 1183 1479; baseline 0.002 -15"><span class='ocrx_word' id='word_1_117' title='bbox 730 1439 870 1465; x_wconf 72' lang='lat' dir='ltr'>cicuno</span> <span class='ocrx_word' id='word_1_118' title='bbox 901 1439 1041 1465; x_wconf 79' lang='lat' dir='ltr'>A&#39;r&#39;rlco</span> <span class='ocrx_word' id='word_1_119' title='bbox 1070 1440 1147 1465; x_wconf 71' lang='lat' dir='ltr'>stu..</span> <span class='ocrx_word' id='word_1_120' title='bbox 1181 1477 1183 1479; x_wconf 17' lang='grc' dir='ltr'><strong><em>ι</em></strong></span> 
     </span>
    </p>
   </div>
   <div class='ocr_carea' id='block_1_7' title="bbox 51 1506 1572 2061">
    <p class='ocr_par' dir='ltr' id='par_1_7' title="bbox 51 1506 1572 2061">
     <span class='ocr_line' id='line_1_19' title="bbox 51 1506 1539 1559; baseline -0.001 -8"><span class='ocrx_word' id='word_1_121' title='bbox 51 1515 129 1552; x_wconf 81' lang='lat' dir='ltr'>Sor.</span> <span class='ocrx_word' id='word_1_122' title='bbox 159 1514 319 1551; x_wconf 82' lang='lat' dir='ltr'>Asturae</span> <span class='ocrx_word' id='word_1_123' title='bbox 392 1508 546 1545; x_wconf 86' lang='lat' dir='ltr'>Fanum</span> <span class='ocrx_word' id='word_1_124' title='bbox 582 1506 668 1545; x_wconf 83' lang='lat' dir='ltr'>fieri</span> <span class='ocrx_word' id='word_1_125' title='bbox 705 1506 809 1553; x_wconf 93' lang='lat' dir='ltr'>volo,</span> <span class='ocrx_word' id='word_1_126' title='bbox 846 1519 981 1558; x_wconf 88' lang='lat' dir='ltr'>neque</span> <span class='ocrx_word' id='word_1_127' title='bbox 1019 1506 1095 1544; x_wconf 93' lang='lat' dir='ltr'>hoc</span> <span class='ocrx_word' id='word_1_128' title='bbox 1131 1507 1229 1544; x_wconf 91' lang='lat' dir='ltr'>mihi</span> <span class='ocrx_word' id='word_1_129' title='bbox 1268 1510 1354 1546; x_wconf 85' lang='lat' dir='ltr'>erui</span> <span class='ocrx_word' id='word_1_130' title='bbox 1392 1514 1539 1559; x_wconf 86' lang='lat' dir='ltr'>potest.</span> 
     </span>
     <span class='ocr_line' id='line_1_20' title="bbox 58 1567 1541 1623; baseline 0.003 -17"><span class='ocrx_word' id='word_1_131' title='bbox 58 1568 93 1606; x_wconf 94' lang='lat' dir='ltr'><em>V</em></span> <span class='ocrx_word' id='word_1_132' title='bbox 105 1568 202 1607; x_wconf 85' lang='lat' dir='ltr'>Non.</span> <span class='ocrx_word' id='word_1_133' title='bbox 220 1567 318 1604; x_wconf 78' lang='lat' dir='ltr'>Mai.</span> <span class='ocrx_word' id='word_1_134' title='bbox 338 1570 521 1621; x_wconf 83' lang='lat' dir='ltr'>Sepulcri</span> <span class='ocrx_word' id='word_1_135' title='bbox 540 1569 847 1608; x_wconf 76' lang='lat' dir='ltr'>similitudinem</span> <span class='ocrx_word' id='word_1_136' title='bbox 867 1569 1046 1620; x_wconf 85' lang='lat' dir='ltr'>effugere</span> <span class='ocrx_word' id='word_1_137' title='bbox 1062 1583 1144 1607; x_wconf 91' lang='lat' dir='ltr'>non</span> <span class='ocrx_word' id='word_1_138' title='bbox 1158 1574 1242 1607; x_wconf 85' lang='lat' dir='ltr'>tam</span> <span class='ocrx_word' id='word_1_139' title='bbox 1261 1575 1429 1622; x_wconf 84' lang='lat' dir='ltr'>propter</span> <span class='ocrx_word' id='word_1_140' title='bbox 1445 1584 1541 1623; x_wconf 88' lang='lat' dir='ltr'>poe-</span> 
     </span>
     <span class='ocr_line' id='line_1_21' title="bbox 51 1624 1542 1684; baseline 0.003 -14"><span class='ocrx_word' id='word_1_141' title='bbox 51 1637 87 1661; x_wconf 75' lang='grc' dir='ltr'>α·</span> <span class='ocrx_word' id='word_1_142' title='bbox 112 1624 188 1662; x_wconf 82' lang='lat'>709</span> <span class='ocrx_word' id='word_1_143' title='bbox 338 1647 431 1671; x_wconf 90' lang='lat' dir='ltr'>nam</span> <span class='ocrx_word' id='word_1_144' title='bbox 450 1632 553 1683; x_wconf 90' lang='lat' dir='ltr'>legis</span> <span class='ocrx_word' id='word_1_145' title='bbox 571 1631 729 1679; x_wconf 84' lang='lat' dir='ltr'>studeo,</span> <span class='ocrx_word' id='word_1_146' title='bbox 750 1645 870 1683; x_wconf 87' lang='lat' dir='ltr'>quam</span> <span class='ocrx_word' id='word_1_147' title='bbox 890 1637 936 1670; x_wconf 91' lang='lat' dir='ltr'>ut</span> <span class='ocrx_word' id='word_1_148' title='bbox 954 1634 1128 1670; x_wconf 87' lang='lat' dir='ltr'>maxime</span> <span class='ocrx_word' id='word_1_149' title='bbox 1151 1631 1349 1684; x_wconf 88' lang='lat' dir='ltr'>adsequar</span> <span class='ocrx_word' id='word_1_150' title='bbox 1376 1634 1542 1674; x_wconf 77' lang='grc' dir='ltr'>ἀποθέω-</span> 
     </span>
     <span class='ocr_line' id='line_1_22' title="bbox 337 1694 1543 1746; baseline 0.001 -10"><span class='ocrx_word' id='word_1_151' title='bbox 337 1714 410 1736; x_wconf 88' lang='grc' dir='ltr'>σιν.</span> <span class='ocrx_word' id='word_1_152' title='bbox 469 1695 590 1742; x_wconf 87' lang='lat' dir='ltr'>Quod</span> <span class='ocrx_word' id='word_1_153' title='bbox 615 1700 812 1746; x_wconf 88' lang='lat' dir='ltr'>poteram,</span> <span class='ocrx_word' id='word_1_154' title='bbox 832 1697 865 1733; x_wconf 88' lang='lat' dir='ltr'>si</span> <span class='ocrx_word' id='word_1_155' title='bbox 883 1697 924 1732; x_wconf 91' lang='lat' dir='ltr'>in</span> <span class='ocrx_word' id='word_1_156' title='bbox 945 1698 1031 1746; x_wconf 89' lang='lat' dir='ltr'>ipsa</span> <span class='ocrx_word' id='word_1_157' title='bbox 1051 1694 1144 1733; x_wconf 89' lang='lat' dir='ltr'>villa</span> <span class='ocrx_word' id='word_1_158' title='bbox 1163 1695 1364 1742; x_wconf 80' lang='lat' dir='ltr'>facerem3</span> <span class='ocrx_word' id='word_1_159' title='bbox 1391 1695 1477 1744; x_wconf 84' lang='lat' dir='ltr'>sed,</span> <span class='ocrx_word' id='word_1_160' title='bbox 1495 1701 1543 1737; x_wconf 83' lang='lat' dir='ltr'>ut</span> 
     </span>
     <span class='ocr_line' id='line_1_23' title="bbox 335 1757 1572 1809; baseline 0.001 -12"><span class='ocrx_word' id='word_1_161' title='bbox 335 1771 456 1809; x_wconf 85' lang='lat' dir='ltr'>saepe</span> <span class='ocrx_word' id='word_1_162' title='bbox 475 1758 599 1796; x_wconf 90' lang='lat' dir='ltr'>locuti</span> <span class='ocrx_word' id='word_1_163' title='bbox 619 1770 769 1804; x_wconf 89' lang='lat' dir='ltr'>sumus,</span> <span class='ocrx_word' id='word_1_164' title='bbox 785 1760 1123 1795; x_wconf 87' lang='lat' dir='ltr'>commutationes</span> <span class='ocrx_word' id='word_1_165' title='bbox 1142 1757 1396 1796; x_wconf 85' lang='lat' dir='ltr'>dominorum</span> <span class='ocrx_word' id='word_1_166' title='bbox 1418 1758 1542 1798; x_wconf 82' lang='lat' dir='ltr'>refor-</span> <span class='ocrx_word' id='word_1_167' title='bbox 1570 1800 1572 1805; x_wconf 69' lang='grc'><em>,</em></span> 
     </span>
     <span class='ocr_line' id='line_1_24' title="bbox 335 1819 1542 1874; baseline 0.002 -15"><span class='ocrx_word' id='word_1_168' title='bbox 335 1822 455 1860; x_wconf 89' lang='lat' dir='ltr'>mido.</span> <span class='ocrx_word' id='word_1_169' title='bbox 506 1821 554 1859; x_wconf 93' lang='lat' dir='ltr'>In</span> <span class='ocrx_word' id='word_1_170' title='bbox 569 1834 666 1871; x_wconf 82' lang='lat' dir='ltr'>agro</span> <span class='ocrx_word' id='word_1_171' title='bbox 681 1821 924 1871; x_wconf 88' lang='lat' dir='ltr'>ubicumque</span> <span class='ocrx_word' id='word_1_172' title='bbox 940 1819 1088 1867; x_wconf 89' lang='lat' dir='ltr'>fecero,</span> <span class='ocrx_word' id='word_1_173' title='bbox 1103 1820 1202 1858; x_wconf 89' lang='lat' dir='ltr'>mihi</span> <span class='ocrx_word' id='word_1_174' title='bbox 1218 1820 1357 1859; x_wconf 87' lang='lat' dir='ltr'>videor</span> <span class='ocrx_word' id='word_1_175' title='bbox 1374 1821 1542 1874; x_wconf 86' lang='lat' dir='ltr'>adsequi</span> 
     </span>
     <span class='ocr_line' id='line_1_25' title="bbox 335 1882 1542 1935; baseline 0 -12"><span class='ocrx_word' id='word_1_176' title='bbox 335 1898 464 1935; x_wconf 91' lang='lat' dir='ltr'>posse,</span> <span class='ocrx_word' id='word_1_177' title='bbox 496 1889 542 1922; x_wconf 92' lang='lat' dir='ltr'>ut</span> <span class='ocrx_word' id='word_1_178' title='bbox 570 1886 787 1934; x_wconf 87' lang='lat' dir='ltr'>posteritas</span> <span class='ocrx_word' id='word_1_179' title='bbox 818 1882 968 1921; x_wconf 87' lang='lat' dir='ltr'>habeat</span> <span class='ocrx_word' id='word_1_180' title='bbox 998 1883 1249 1934; x_wconf 86' lang='lat' dir='ltr'>religionem.</span> <span class='ocrx_word' id='word_1_181' title='bbox 1307 1883 1401 1922; x_wconf 88' lang='lat' dir='ltr'>Hae</span> <span class='ocrx_word' id='word_1_182' title='bbox 1426 1896 1542 1923; x_wconf 87' lang='lat' dir='ltr'>meae</span> 
     </span>
     <span class='ocr_line' id='line_1_26' title="bbox 334 1945 1542 1997; baseline 0.001 -12"><span class='ocrx_word' id='word_1_183' title='bbox 334 1948 410 1986; x_wconf 90' lang='lat' dir='ltr'>tibi</span> <span class='ocrx_word' id='word_1_184' title='bbox 429 1949 607 1997; x_wconf 85' lang='lat' dir='ltr'>ineptiae</span> <span class='ocrx_word' id='word_1_185' title='bbox 630 1946 777 1995; x_wconf 88' lang='lat' dir='ltr'>(fateor</span> <span class='ocrx_word' id='word_1_186' title='bbox 795 1947 921 1994; x_wconf 89' lang='lat' dir='ltr'>enim)</span> <span class='ocrx_word' id='word_1_187' title='bbox 943 1945 1136 1984; x_wconf 88' lang='lat' dir='ltr'>ferendae</span> <span class='ocrx_word' id='word_1_188' title='bbox 1155 1951 1274 1991; x_wconf 78' lang='lat' dir='ltr'>sunt3</span> <span class='ocrx_word' id='word_1_189' title='bbox 1302 1959 1396 1984; x_wconf 84' lang='lat' dir='ltr'>nam</span> <span class='ocrx_word' id='word_1_190' title='bbox 1412 1945 1542 1986; x_wconf 76' lang='lat' dir='ltr'>habeo</span> 
     </span>
     <span class='ocr_line' id='line_1_27' title="bbox 335 2005 1542 2061; baseline 0 -13"><span class='ocrx_word' id='word_1_191' title='bbox 335 2023 388 2048; x_wconf 89' lang='lat' dir='ltr'>ne</span> <span class='ocrx_word' id='word_1_192' title='bbox 407 2023 472 2047; x_wconf 89' lang='lat' dir='ltr'>me</span> <span class='ocrx_word' id='word_1_193' title='bbox 493 2009 658 2061; x_wconf 91' lang='lat' dir='ltr'>quidem</span> <span class='ocrx_word' id='word_1_194' title='bbox 676 2011 821 2060; x_wconf 89' lang='lat' dir='ltr'>ipsum,</span> <span class='ocrx_word' id='word_1_195' title='bbox 841 2005 1004 2060; x_wconf 85' lang='lat' dir='ltr'>quicum</span> <span class='ocrx_word' id='word_1_196' title='bbox 1030 2013 1114 2047; x_wconf 89' lang='lat' dir='ltr'>tam</span> <span class='ocrx_word' id='word_1_197' title='bbox 1143 2008 1337 2047; x_wconf 83' lang='lat' dir='ltr'>audacter</span> <span class='ocrx_word' id='word_1_198' title='bbox 1364 2022 1542 2048; x_wconf 88' lang='lat' dir='ltr'>commu-</span> 
     </span>
    </p>
   </div>
   <div class='ocr_carea' id='block_1_8' title="bbox 334 2070 1541 2167">
    <p class='ocr_par' dir='ltr' id='par_1_8' title="bbox 334 2070 1541 2167">
     <span class='ocr_line' id='line_1_28' title="bbox 334 2070 1541 2124; baseline 0 -14"><span class='ocrx_word' id='word_1_199' title='bbox 334 2075 466 2111; x_wconf 87' lang='lat' dir='ltr'>nicem</span> <span class='ocrx_word' id='word_1_200' title='bbox 496 2085 617 2124; x_wconf 92' lang='lat' dir='ltr'>quam</span> <span class='ocrx_word' id='word_1_201' title='bbox 644 2076 793 2110; x_wconf 90' lang='lat' dir='ltr'>tecum.</span> <span class='ocrx_word' id='word_1_202' title='bbox 850 2070 922 2110; x_wconf 90' lang='lat' dir='ltr'>Sin</span> <span class='ocrx_word' id='word_1_203' title='bbox 941 2071 1015 2109; x_wconf 88' lang='lat' dir='ltr'>tibi</span> <span class='ocrx_word' id='word_1_204' title='bbox 1036 2084 1112 2118; x_wconf 84' lang='lat' dir='ltr'>res,</span> <span class='ocrx_word' id='word_1_205' title='bbox 1132 2074 1165 2109; x_wconf 91' lang='lat' dir='ltr'>si</span> <span class='ocrx_word' id='word_1_206' title='bbox 1185 2071 1307 2119; x_wconf 90' lang='lat' dir='ltr'>locus,</span> <span class='ocrx_word' id='word_1_207' title='bbox 1326 2073 1361 2110; x_wconf 88' lang='lat' dir='ltr'>si</span> <span class='ocrx_word' id='word_1_208' title='bbox 1378 2074 1541 2111; x_wconf 74' lang='lat' dir='ltr'>institu-</span> 
     </span>
     <span class='ocr_line' id='line_1_29' title="bbox 336 2128 387 2167; baseline -0.059 0"><span class='ocrx_word' id='word_1_209' title='bbox 336 2128 387 2167; x_wconf 78' lang='lat'>72</span> 
     </span>
    </p>
   </div>
  </div>
 </body>
</html>
