1572 2378
69 1102 147 1140 Ser.
169 1114 207 1139 m

72 1156 274 1194 Puteolano

76 1210 110 1247 V
113 1210 157 1247 ΙΙ
176 1210 232 1248 Id.

69 1263 193 1307 Quint.
205 1278 241 1304 a.
263 1265 339 1304 710

591 162 819 201 MARCUS
858 161 1103 201 TULLIUS
1144 161 1348 200 CICERO

355 264 501 291 rorum.
560 250 664 288 Nam
699 250 808 289 Cassi
842 249 1025 296 classem,
1058 262 1161 301 quae
1195 249 1315 300 plane
1348 248 1455 288 bclla
1486 254 1564 296 est,

356 329 438 355 non
458 329 627 354 numero
646 316 752 354 ultra
770 315 933 354 fretum.
994 314 1099 352 Illud
1130 319 1194 353 est
1217 313 1317 352 mihi
1343 313 1564 354 submoles-

355 387 457 430 tum,
473 382 581 434 quod
601 395 742 433 parum
764 381 911 420 Brutus
930 393 1144 432 properare
1163 380 1335 418 videtur.
1386 379 1565 419 Primum

356 447 635 487 confectorum
681 447 868 486 ludorum
914 449 1080 485 nuntios
1119 450 1353 497 exspectat3
1399 444 1563 493 deinde,

357 519 555 564 quantum
583 512 794 563 intellego,
816 511 933 550 tarde
961 517 1025 550 est
1051 514 1312 563 navigaturus
1340 514 1565 553 consistens

355 581 398 616 in
432 578 528 616 locis
561 578 753 629 pluribus.
810 577 966 616 Tamen
994 578 1167 616 arbitror
1197 590 1285 616 esse
1315 577 1564 619 commodius

354 644 470 683 tarde
501 646 690 695 navigare
721 657 841 695 quam
871 645 1036 682 omnino
1065 656 1148 681 non
1179 645 1411 695 navigare3-
1429 649 1487 692 et,
1516 646 1562 692 si,

353 723 447 748 cum
479 713 802 761 processerimus,
836 709 1105 762 exploratior-a
1139 709 1396 758 videbuntur,
1425 712 1563 749 etesiis

355 781 528 814 utemur.

941 913 978 951 V

750 1016 891 1041 CICERO
922 1015 1061 1040 ATTlco
1089 1015 1166 1042 SAL.

407 1093 611 1132 Tuas'iam
629 1092 787 1130 litteras
808 1092 955 1129 Brutus
976 1091 1248 1141 exspectabat.
1302 1090 1375 1130 Cui
1394 1090 1560 1143 quidem

355 1173 432 1211 ego
445 1173 526 1197 non
538 1172 686 1197 novum
700 1158 917 1196 attuleram
932 1157 984 1195 de
999 1157 1129 1195 Tereo
1143 1157 1251 1196 Acci.
1298 1157 1372 1196 Ille
1390 1158 1559 1197 Brutum

354 1226 536 1276 putabat.
594 1223 676 1263 Sed
695 1229 834 1262 tamen
858 1225 1024 1261 rumoris
1052 1225 1189 1260 nescio
1217 1222 1314 1274 quid
1342 1222 1560 1263 adflaverat

353 1292 632 1329 commissione
645 1289 890 1327 Graecorum
902 1288 1172 1339 frequentiam
1187 1301 1269 1326 non
1284 1287 1406 1326 fuisse
1420 1300 1431 1334 ;
1449 1289 1554 1341 quo?

350 1356 517 1408 quidem
539 1368 606 1394 me
628 1357 795 1393 minime
816 1354 988 1399 fefellit3
1017 1356 1093 1392 scis
1121 1355 1245 1401 enim,
1272 1353 1370 1405 quid
1399 1366 1478 1405 ego
1504 1353 1556 1393 de

350 1420 515 1459 Graecis
536 1420 640 1459 ludis
660 1422 900 1458 existimem.

404 1487 523 1525 Nunc
542 1485 651 1533 audi,
669 1484 777 1537 quod
797 1484 922 1535 pluris
943 1488 1006 1522 est
1029 1497 1147 1535 quam
1174 1485 1318 1521 omnia.
1377 1482 1556 1531 Quintus

350 1553 427 1592 fuit
454 1565 614 1591 mecum
640 1550 728 1589 dies
756 1550 995 1600 complures,
1019 1554 1075 1596 et,
1099 1551 1132 1587 si
1158 1561 1236 1599 ego
1261 1561 1467 1599 euperem,
1485 1547 1555 1588 ille

348 1618 411 1657 vel
432 1618 567 1669 plures
586 1616 754 1662 fuisset3
782 1615 868 1663 sed,
887 1605 1008 1666 quam
1028 1614 1097 1652 diu
1118 1613 1210 1661 fuit,
1225 1613 1554 1662 incredibileest,

346 1697 467 1735 quam
482 1685 605 1721 mein
620 1684 732 1720 omni
751 1693 903 1732 genere
919 1679 1148 1726 delectarit,
1163 1681 1204 1717 in
1222 1691 1351 1730 eoque
1366 1681 1554 1726 maxime,

346 1752 389 1787 in
408 1763 488 1801 quo
506 1750 673 1786 minime
695 1749 790 1786 satis
810 1746 996 1784 faciebat.
1054 1745 1120 1783 Sic
1146 1747 1255 1783 enim
1283 1749 1554 1788 commutatus

346 1820 410 1854 est
427 1820 539 1853 totus
559 1819 603 1852 et
621 1815 780 1863 scriptis
800 1814 900 1850 meis
920 1810 1171 1862 quibusdam,
1188 1823 1291 1862 quae
1310 1813 1353 1848 in
1367 1809 1553 1850 manibus

347 1881 559 1927 habebam,
589 1883 634 1917 et
661 1877 908 1916 adsiduitate
941 1878 1132 1914 orationis
1163 1881 1206 1914 et
1236 1877 1476 1926 praeceptis,
1506 1881 1554 1915 ut

346 1946 418 1984 tali
437 1948 571 1983 animo
589 1947 631 1982 in
651 1957 736 1982 rem
757 1942 972 1994 publicam,
995 1941 1102 1993 quali
1130 1953 1202 1978 nos
1227 1940 1424 1988 volumus,
1442 1940 1550 1980 futu·

346 2025 412 2050 rus
431 2013 494 2049 sit.
556 2010 647 2048 Hoc
675 2021 766 2047 cum
796 2007 894 2046 mihi
923 2020 1005 2045 non
1032 2006 1152 2044 modo
1172 2005 1460 2055 confirmasset,
1477 2006 1549 2046 sed

345 2143 423 2178 384-
1559 2124 1572 2204 3.

1560 2205 1572 2239 ‘z

1559 2240 1572 2263 ὲ)

1550 2260 1572 2324 ⁴2}
