1572 2378
578 148 805 188 MARCUS
845 148 1089 187 TULLIUS
1128 147 1329 186 CICERO

882 303 1022 342 XXIV

744 397 883 422 CICERO
914 397 1054 422 ATTICO
1083 396 1162 422 SAL.

61 460 140 500 Ser.
166 459 205 499 in
236 459 330 499 Tus·
400 463 661 511 Tabellarius,
684 476 807 515 quem
835 463 886 501 ad
918 464 1085 501 Brutum
1112 468 1308 510 miseram,
1335 476 1385 502 ex
1408 465 1556 503 itinere

59 515 192 553 culam)
211 515 246 553 V
244 515 271 552 Ῑ
279 515 328 553 K·
349 526 470 564 rediit
489 539 544 564 vn
567 525 654 564 Kal.
713 526 762 564 Ei
782 525 951 564 Servilia
971 526 1075 564 dixit
1094 539 1143 564 eo
1161 525 1229 564 die
1250 525 1420 564 Brutum
1451 526 1554 565 nael

59 569 198 663 ἓηξῖὸ
208 583 314 607 mane
349 592 588 643 profectum.
657 591 763 631 Sane
793 591 904 630 dolui
934 605 1044 630 meas
1074 591 1232 630 litteras
1261 591 1441 631 redditas
1471 605 1555 632 non

86 652 95 662 ⁰
349 671 447 697 esse.
505 657 626 697 Silius
644 657 696 696 ad
715 671 782 696 me
802 671 884 695 non
904 662 1082 697 venerat.
1137 656 1306 695 Causam
1325 652 1554 709 composuh

345 737 438 762 eum
458 723 642 762 libellum
655 724 730 761 tibi
744 725 844 762 misi.
903 723 963 761 Te
983 736 1063 774 quo
1075 722 1142 761 die
1163 728 1408 774 exspectem,
1431 723 1551 763 velim

342 791 456 829 scire.

895 913 1010 951 XXV

739 1005 879 1031 CICERO
910 1005 1050 1030 ATTICO
1079 1005 1158 1031 SAL.

58 1076 136 1115 Sor.
165 1075 203 1114 in
233 1075 328 1114 Tus-
402 1073 466 1112 De
486 1086 578 1111 meo
605 1075 752 1111 itinere
772 1075 903 1110 variae
932 1074 1188 1117 sententiae3
1215 1071 1335 1111 multi
1363 1075 1473 1112 enim
1500 1073 1551 1112 ad

56 1130 281 1192 calano-Ill
347 1153 425 1177 me.
473 1139 555 1177 Sed
574 1144 619 1176 tu
639 1138 842 1185 incumbe,
862 1139 1078 1189 quae80,in
1093 1150 1183 1175 eam
1205 1150 1352 1176 curam.
1402 1138 1552 1190 Magna

59 1184 254 1279 aeoQumt.
276 1198 311 1223 α·
348 1219 412 1244 res
427 1211 501 1244 est.
562 1205 628 1242 An
643 1205 797 1255 probas,
816 1206 849 1241 si
863 1203 915 1241 ad
933 1203 1019 1240 Kal.
1039 1202 1122 1241 lan.
1140 1205 1392 1254 cogitamus?
1434 1205 1552 1250 Meus

344 1273 501 1308 animus
524 1274 588 1308 est
610 1282 772 1320 aequus,
799 1271 855 1306 sic
883 1274 1033 1314 tamen,
1056 1273 1103 1306 ut
1130 1270 1163 1306 si
1191 1267 1294 1306 nihil
1321 1269 1552 1309 offensionis

344 1339 407 1376 sit.
466 1336 521 1374 Et
551 1341 596 1374 tu
621 1338 758 1382 etiam,
789 1334 951 1381 scisne,2
979 1347 1059 1385 quo
1083 1334 1149 1372 die
1172 1333 1269 1372 olim
1289 1334 1520 1385 piaculum?
1535 1336 1552 1362 ⁸

347 1402 403 1440 Ut
421 1407 469 1440 ut
497 1406 561 1439 est
587 1401 682 1447 res,⁴
712 1413 825 1438 casus
851 1399 1062 1437 consilium
1082 1401 1210 1437 nostri
1229 1402 1386 1438 itineris
1404 1400 1550 1440 iudica-

342 1468 413 1506 bit.
454 1467 700 1506 Dubitemus
730 1469 864 1517 igitur.
907 1466 981 1504 Est
1010 1468 1119 1504 enim
1147 1465 1318 1504 hiberna
1345 1469 1550 1518 navigatio

341 1533 491 1581 odiosa,
520 1546 650 1584 eoque
681 1546 729 1570 ex
763 1537 806 1570 te
835 1534 1085 1583 quaesieram
1114 1534 1397 1582 mysteriorum
1424 1532 1545 1573 diem.

340 1599 526 1647 Brutum,
554 1604 602 1637 ut
629 1599 778 1645 scribis,
802 1601 931 1636 visum
960 1600 1005 1635 iri
1035 1611 1059 1635 a
1086 1610 1153 1635 me
1181 1602 1292 1648 puto.
1343 1598 1432 1649 Ego
1450 1598 1547 1637 hinc

340 1665 432 1703 volo
452 1678 510 1716 pr.
536 1664 623 1702 Kal.

383 1759 395 1781 ¹
418 1759 514 1794 H.IS
532 1762 581 1799 (z
597 1760 684 1792 hora
725 1760 813 1793 rima
828 1759 947 1800 semis)
964 1758 1072 1793 Orelli
1086 1771 1095 1792 ε
1119 1758 1176 1792 his
1190 1763 1275 1792 most
1290 1759 1396 1793 MSS.

382 1803 397 1824 ²
418 1805 549 1845 scisne]
565 1804 654 1837 scire
713 1804 774 1837 SS.

380 1847 395 1868 ⁸
415 1848 500 1881 olim
533 1847 714 1891 piaculum
750 1845 896 1880 Rosius:
931 1845 1175 1889 olympiacum
1206 1846 1379 1889 mysteria
1408 1846 1544 1881 scilieet

338 1891 444 1925 MSS.
474 1890 541 1931 (the
564 1891 631 1924 laet
653 1895 716 1924 two
739 1891 850 1924 words
872 1900 932 1923 are
954 1890 1100 1932 rejected
1123 1901 1164 1923 (ιε
1188 1901 1212 1923 a
1238 1890 1325 1932 yloas
1352 1890 1396 1933 by
1419 1889 1543 1932 Boon:
1570 1903 1572 1906 ·

337 1934 504 1978 Olympia
524 1934 756 1976 Shuckbuqu.
1570 1971 1572 1973 ι

381 1978 396 1999 ⁴
417 1982 458 2011 ut
482 1981 525 2011 ut.
548 1981 604 2012 est
627 1988 684 2011 res
707 1978 846 2012 Moser:
878 1981 919 2011 ut
942 1981 984 2011 tu
1008 1978 1115 2010 scires
1136 1977 1258 2011 MSS:
1286 1980 1327 2010 ut
1351 1980 1392 2010 tu
1418 1976 1542 2011 scribis

339 2022 539 2055 Lambinus.

338 2126 417 2167 856
