1572 2378
54 469 131 507 ¹S'cr.
151 467 191 506 in

56 523 85 560 A
91 521 231 574 rpinati

56 577 172 615 medio
201 590 322 614 mense

56 629 253 669 Novembri
270 644 306 671 α.

58 686 134 724 710

563 168 790 208 MARCUS
828 169 1074 208 TULLIUS
1115 169 1316 209 CICERO

891 307 990 345 XIV

733 399 873 426 CICERO
900 399 1043 426 A'r'rxco
1071 399 1150 427 sAL.

393 466 506 505 Nihil
545 472 634 506 erat
669 467 805 519 plane,
842 467 951 519 quod
993 468 1222 506 scriberem.
1296 467 1415 516 Nam,
1450 479 1541 507 cum

340 539 518 578 Puteolis
550 552 695 586 essem,
727 538 877 577 cotidie
909 538 1060 590 aliquid
1093 541 1188 577 novi
1219 538 1272 577 de
1305 539 1542 586 Octaviano,

337 611 468 649 multa
495 613 620 649 etiam
646 609 747 649 falsa
774 609 827 648 de
856 610 1047 648 Antonio.
1106 609 1172 648 Ad
1195 622 1244 648 ea
1264 615 1416 658 autem,
1438 622 1542 663 quae

337 684 532 733 scripsisti
550 680 652 735 (tres
671 684 781 720 enim
800 694 1036 732 acceperam
1051 694 1094 719 111
1112 681 1208 720 Idus
1221 695 1245 719 a
1259 686 1304 720 te
1317 680 1543 736 epistulas),

337 753 454 792 valde
486 754 563 791 tibi
594 752 813 799 adsentior,
841 755 874 791 si
906 752 1082 790 multum
1120 755 1247 804 possit
1283 752 1543 800 Octavianus,

336 825 466 863 multo
485 824 636 862 firmius
664 829 755 862 acta
782 826 946 875 tyranni
972 824 1276 875 comprobatum
1294 825 1342 862 iri
1361 837 1482 876 quam
1500 827 1541 863 in

336 896 521 942 Telluris,
549 900 672 946 atque
703 894 745 933 id
775 900 916 932 contra
949 894 1118 933 Brutum
1147 894 1244 933 fore.
1303 893 1376 933 Sin
1405 899 1542 934 autem

335 970 522 1014 vincitur,
560 966 673 1004 vides
711 965 1010 1004 intolerabilem
1047 965 1288 1013 Antonium,
1324 970 1386 1014 ut,
1421 979 1542 1018 quem

335 1038 448 1086 velis,
481 1040 647 1076 nescias.
717 1036 754 1075 Ο
789 1036 896 1075 Sesti
933 1036 1190 1074 tabellarium
1229 1035 1437 1075 hominem
1471 1050 1543 1076 ne-

334 1110 479 1162 quam!
525 1108 723 1147 Postridie
740 1107 920 1146 Puteolis
938 1108 1086 1146 Romae
1101 1121 1145 1146 se
1159 1107 1265 1146 dixit
1280 1107 1378 1146 fore.
1422 1107 1542 1156 Quod

334 1195 401 1219 me
431 1193 585 1228 mones,
617 1184 665 1218 ut
696 1178 1007 1230 pedetemptim,
1040 1178 1270 1224 adsentior3
1316 1181 1393 1217 etsi
1425 1178 1544 1219 aliter

335 1253 575 1304 cogitabam.
634 1251 721 1289 Nec
739 1263 807 1288 me
829 1249 1038 1301 Philippus
1056 1255 1128 1288 aut
1149 1249 1365 1288 Marcellus
1392 1255 1540 1290 movet.

337 1323 429 1361 Alia
451 1325 560 1362 enim
584 1336 723 1361 eorum
742 1324 844 1359 ratio
865 1326 928 1359 est
947 1326 1003 1368 et,
1023 1323 1056 1359 si
1076 1334 1158 1359 non
1178 1325 1254 1368 est,
1273 1325 1412 1359 &lmen
1431 1320 1543 1360 vide-

335 1400 413 1433 tur.
482 1393 563 1433 Sed
600 1396 644 1431 in
680 1395 759 1431 isto
795 1395 956 1440 iuvene,
993 1405 1235 1444 quamquam
1273 1393 1397 1430 animi
1434 1394 1543 1439 satis,

334 1467 586 1504 auctoritatis
610 1477 751 1516 parum
771 1469 844 1503 est.
903 1463 1058 1501 Tamen
1077 1463 1183 1510 vide,
1203 1465 1236 1501 si
1255 1462 1362 1502 forte
1381 1465 1422 1500 in
1441 1462 1541 1502 Tus-

334 1537 480 1575 culano
511 1541 623 1574 recte
657 1549 744 1574 esse
778 1548 953 1586 possum,
986 1547 1039 1572 ne
1077 1534 1118 1572 id
1156 1533 1300 1573 melius
1337 1537 1401 1573 sit.
1461 1533 1542 1572 Ero

334 1608 551 1652 libentius;
581 1606 681 1644 nihil
703 1609 811 1644 enim
832 1606 1035 1656 ignorabo,
1095 1605 1161 1643 An
1190 1605 1269 1652 hie,
1294 1618 1385 1643 cum
1414 1605 1542 1643 Anto·

336 1682 426 1718 nius
446 1680 632 1717 venerit?

390 1751 485 1799 Sed,
514 1756 561 1789 ut
588 1750 699 1788 aliud
727 1762 777 1787 ex
805 1748 896 1796 alio,
923 1748 1021 1785 mihi
1044 1761 1126 1785 non
1147 1753 1211 1786 est
1229 1747 1409 1794 dubium,
1429 1749 1543 1799 quin,

334 1822 444 1875 quod
482 1821 628 1859 Graeci
673 1822 845 1870 καθῆκον,
883 1832 956 1856 nos
994 1817 1242 1856 “officium.'’
1320 1818 1367 1856 Id
1405 1822 1542 1856 autem

334 1892 431 1944 quid
461 1892 622 1931 dubitas
650 1893 747 1943 quin
777 1892 901 1928 etiam
929 1892 971 1927 in
1000 1902 1086 1927 rem
1110 1888 1312 1939 publicam
1338 1887 1556 1939 praeclare

334 1963 536 2015 quadret?
593 1962 740 1999 Nonne
760 1960 930 1999 dicimus
957 1959 1203 1997 “consulum
1223 1958 1408 2003 officium,
1428 1971 1542 1997 sena-

381 2061 393 2081 ¹
419 2061 549 2093 there
566 2061 627 2092 tho
644 2059 772 2093 senate
790 2062 862 2091 met
885 2070 928 2090 on
956 2057 1078 2090 March
1106 2057 1158 2098 17,
1177 2060 1248 2090 two
1267 2057 1356 2099 days
1371 2056 1466 2090 after
1481 2056 1543 2090 the

336 2105 479 2137 murder
494 2105 531 2137 of
546 2104 686 2137 Caesar.
733 2103 787 2136 Cf.
808 2102 882 2136 Ate.
898 2111 974 2135 xlv.
997 2104 1046 2135 10.

337 2154 414 2187 418
