1572 2378
74 479 152 518 Scr.
174 481 299 518 eodem

75 538 235 585 tempore
253 547 326 586 quo

75 602 130 639 ep.
153 590 228 627 16⁶

72 1445 149 1483 Ser.
173 1449 256 1496 post
281 1458 337 1496 ep.

74 1497 154 1538 161>

593 176 819 215 MARCUS
858 176 1103 217 TULLIUS
1144 175 1346 218 CICERO

903 316 978 355 XV
981 316 1029 355 Id

713 412 854 438 CICERO
882 412 914 438 C.
946 412 1160 438 CUPIENNlo
1187 417 1217 438 ο.

420 481 579 519 Patrem
608 487 724 520 tuum
754 482 916 532 plurimi
945 481 1038 528 feci,
1066 495 1214 534 meque
1242 481 1313 520 ille
1340 461 1554 522 mirificas*

361 553 486 591 coluit
498 558 542 591 et
553 556 726 597 amavit;
746 565 822 590 nec
836 552 1068 590 mehercule
1086 565 1276 604 umquam
1291 551 1390 590 mihi
1402 544 1501 591 dubi

358 625 450 671 fuit,
471 627 570 676 quin
591 638 616 661 a
637 629 681 662 te
708 623 925 675 diligerem
954 636 1032 674 ego
1060 623 1226 675 quidem
1254 622 1298 663 id
1324 622 1460 663 facere
1487 636 1518 680 ῃ

359 695 510 734 destiti.
563 695 695 742 Quam
717 696 769 733 ob
788 708 875 733 rem
896 700 993 745 peto
1011 708 1036 732 a
1054 699 1099 733 te
1118 697 1161 732 in
1180 697 1373 733 maiorem
1391 693 1487 734 mod
1542 691 1545 701 ‘

359 772 406 805 ut
424 769 633 804 civitatem
663 765 919 804 Buthrotiam
947 765 1135 804 subleves
1163 765 1457 817 decretumque
1517 768 1531 774 '⁴

359 838 504 885 sulum,
534 837 641 889 quod
671 840 698 874 ii
727 837 950 875 secundum
983 836 1219 876 Buthrotios
1249 836 1450 884 fecerunt,
1477 799 1572 894 (thid

358 914 402 946 et
438 908 532 959 lege
571 913 615 946 et
651 913 816 946 senatus
854 907 1040 946 consulto
1076 906 1285 946 statuendi
1321 907 1572 957 potestaten&

357 979 571 1026 haberent,
601 979 673 1017 des
701 992 865 1030 operam
894 984 942 1017 ut
975 979 1146 1016 Plancus
1173 983 1314 1016 noster
1340 990 1463 1030 quam
1489 980 1570 1031 pri·

358 1065 468 1088 mum
489 1052 702 1088 confirmet
721 1055 764 1088 et
783 1051 1030 1100 comprobet.
1094 1050 1184 1087 Hoc
1213 1053 1258 1088 te
1288 1047 1568 1098 vehementer,

358 1125 413 1159 mi
434 1122 648 1172 Cupienni,
668 1125 792 1161 etiam
812 1128 936 1172 atque
957 1123 1081 1159 ctiam
1099 1130 1209 1170 rogo.

902 1276 1024 1315 XVIe

634 1374 774 1398 Clcssno
804 1372 953 1397 PLANCO
982 1370 1122 1396 PRAET.
1156 1370 1234 1395 ΒΕΘ.
1265 1369 1295 1398 S·

415 1444 584 1494 Ignosce
615 1443 727 1488 mihi,
759 1441 881 1493 quod,
912 1440 1002 1478 cuni
1034 1444 1156 1477 antea
1183 1440 1484 1477 accuratissime
1512 1428 1572 1477 d

358 1514 582 1552 Buthrotiis
621 1513 671 1550 ad
711 1518 753 1551 te
791 1513 1032 1562 scripserim,
1067 1509 1211 1548 eadem
1244 1509 1297 1547 de
1330 1521 1374 1547 re
1407 1511 1519 1560 saepi
1550 1535 1563 1557 3

356 1586 538 1624 scribam.
611 1584 705 1622 Non
751 1581 999 1628 mehercule,
1037 1583 1091 1618 mi
1133 1579 1294 1626 Plance,
1332 1578 1449 1626 facio,
1485 1588 1555 1638 qu-

356 1670 496 1708 parum
518 1655 716 1694 confidam
736 1659 807 1692 aut
826 1652 1060 1691 liberalitati
1084 1657 1179 1690 tuae
1198 1655 1269 1688 aut
1290 1654 1450 1689 nostrae
1476 1669 1479 1682 s
1502 1635 1562 1699 ιιιζῘἐ

355 1730 487 1775 citiae,
507 1726 593 1773 sed,
614 1739 705 1763 cum
730 1730 845 1763 tanta
869 1737 934 1762 res
958 1727 1103 1774 agatur
1131 1722 1260 1760 Attici
1288 1722 1429 1768 nostri,
1455 1732 1485 1758 n
1540 1775 1542 1777 ¹

356 1812 450 1838 vero
473 1801 596 1837 etiam
625 1798 883 1847 existimatio,
913 1800 959 1833 ut
987 1794 1043 1840 id,
1071 1792 1178 1844 quod
1209 1791 1394 1843 probavit
1460 1818 1465 1823 ,

355 1871 471 1909 nobis
501 1870 675 1907 testibus
705 1873 749 1906 et
779 1866 1115 1916 obsignntoribus,
1147 1865 1215 1915 qui
1247 1867 1291 1900 et
1319 1861 1496 1901 decretis
1528 1860 1550 1910 ἶ)

355 1943 557 1991 responsis
594 1939 772 1976 Caesaris
804 1935 1129 1980 interfueramus,
1163 1932 1348 1971 videatur
1378 1933 1521 1971 obtin
1542 1944 1545 1945 ⁷

356 2013 549 2063 potuisse,
578 2010 814 2060 pracsertim
844 2020 934 2044 cum
965 2011 1051 2044 tota
1080 2009 1259 2056 potestas
1290 2005 1376 2041 eius
1407 2004 1464 2041 rei
1524 2016 1538 2033 ν

354 2085 421 2128 sit,
458 2086 505 2118 ut
543 2094 602 2126 ea,
646 2071 748 2130 qu‘ae
795 2076 981 2116 consules
1025 2075 1295 2114 decreverunt
1339 2071 1536 2113 secunda

356 2155 433 2190 488
