1572 2378
543 150 583 186 M
593 150 624 185 A
634 149 769 187 RCUS
807 148 1052 188 TULLIUS
1091 148 1294 187 CICERO

315 239 456 287 inyjm,
472 239 549 275 etsi
571 236 770 275 Latinitas
785 241 873 275 erat
892 249 975 275 non
989 236 1168 275 ferenda.
1199 236 1352 275 Verum
1373 241 1519 276 tamen.

315 299 423 338 Ecce
451 304 591 337 autem
621 299 824 337 Antonius
855 304 1022 350 accepta
1053 299 1199 350 grandi
1230 301 1404 351 pe-ggnia
1435 299 1523 338 fixit

314 360 451 412 legem
483 375 507 399 a
539 361 739 400 dictatore
772 364 946 400 comitiis
975 361 1112 409 latam,
1146 374 1226 413 qua
1259 361 1324 400 Sic
1354 361 1382 399 li
1414 363 1523 400 cives

318 424 511 471 Romani;
547 426 661 462 cuius
690 426 749 463 rei
780 426 869 462 vivo
899 424 969 462 illo
998 427 1155 463 mentio
1191 375 1351 487 nulla?
1382 423 1520 479 Quid?

316 487 499 525 Deiotari
518 489 645 526 nostri
659 500 778 526 causa
791 500 873 525 non
889 487 1058 526 similis?
1097 486 1150 525 D·
1182 499 1258 526 nus
1271 486 1342 526 ille
1356 486 1522 542 quidem

315 552 425 588 omni
445 563 585 601 regno,
605 549 678 588 sed
696 539 883 601 non'fi'fzss
898 549 1090 588 Fulviam.
1147 549 1344 589 Sescenta
1364 549 1523 611 siml-233)

316 601 467 651 vei-‘um
483 612 579 651 illuc
593 611 728 651 redeo.
759 612 860 650 Tam
874 612 1022 650 claram
1038 617 1203 664 tamque
1209 604 1424 651 'tem
1434 625 1521 652 rem

313 681 479 726 tamque
499 678 647 714 iustam
667 674 923 724 Buthrotiam
941 688 1023 713 non
1051 676 1282 714 tenebimus
1349 677 1444 727 iqua
1470 688 1520 715 ex

314 743 429 789 parte
443 739 459 776 ?
472 743 533 794 29¹²
551 751 600 776 eo
620 738 783 789 quidem
805 740 947 790 magis,
966 751 1045 792 quo
1064 741 1142 793 iste
1161 738 1304 795 plura?

370 799 590 839 Nobiscum
616 799 682 838 hic
707 800 1000 855 perhonorifice
1023 806 1067 839 et
1088 795 1290 852 pei-amice
1313 801 1518 840 Octavius.

315 863 450 911 Quem
487 863 653 915 quidem
690 866 751 902 sui
789 863 1001 902 Caesarem
1034 851 1279 912 δώῃ
1312 863 1521 916 Philippus

314 939 408 974 non,
430 929 568 978 itaque
587 939 640 964 ne
659 939 733 965 nos
752 926 942 981 quij3
971 939 1093 978 quem
1112 939 1220 978 nego
1238 939 1356 978 posse
1369 927 1521 966 bonum

315 992 456 1028 civem.
515 988 580 1028 Ita
611 988 732 1028 multi
763 991 1040 1035 circumstant,
1074 991 1144 1041 qui
1176 989 1341 1041 quidem
1373 1003 1402 1029 n
1429 993 1521 1029 stris

314 1057 488 1090 mortem
507 1053 758 1090 minitantur.
818 1052 983 1103 Negant
1002 1051 1104 1103 hae-c
1122 1051 1219 1091 ferri
1237 1065 1365 1104 posse.
1410 1052 1520 1102 Quid

314 1127 468 1161 censes,
489 1127 581 1152 cum
604 1113 771 1152 Romam
798 1127 901 1165 puer
925 1117 1096 1162 venerit,
1124 1114 1195 1153 ubi
1222 1116 1350 1153 nostri
1393 1114 1528 1175 ¹²2⁸>

314 1169 423 1239 {off}
451 1179 532 1216 tuti
563 1189 651 1216 esse
681 1190 764 1215 non
794 1178 991 1228 possunt?
1015 1165 1021 1172 κ
1049 1176 1131 1233 Q}
1163 1176 1329 1229 quidem
1360 1169 1522 1230 semper

272 1259 274 1261 ·
315 1245 437 1279 erunt
468 1240 578 1288 clari,
610 1242 858 1279 conscientia
890 1253 985 1278 vero
1017 1239 1115 1279 facti
1147 1243 1209 1279 sui
1240 1243 1364 1279 etiam
1396 1241 1517 1280 beati.

315 1303 397 1343 Sed
415 1315 502 1350 nos,
519 1305 597 1341 nisi
616 1316 682 1341 me
702 1302 820 1350 fallit,
839 1303 1068 1341 iacebimus.
1120 1302 1265 1354 Itaque
1284 1306 1394 1342 exire
1407 1316 1519 1351 aveo,

311 1366 420 1404 “ubi
439 1378 516 1404 nec
538 1364 859 1416 Pelopidarum,”
880 1368 1023 1416 inquit.
1085 1365 1208 1404 Haud
1236 1378 1327 1404 amo
1354 1354 1521 1406 ves'h’os

312 1429 559 1480 designatos,
579 1431 647 1480 qui
669 1430 792 1467 etiam
812 1427 1039 1467 declamare
1057 1441 1124 1466 me
1145 1433 1380 1480 coegerunt,
1399 1434 1448 1468 ut
1465 1442 1520 1469 ne

311 1491 420 1542 apud
457 1503 579 1542 aquas
616 1490 782 1542 quidem
818 1493 1074 1542 acquiescere
1111 1490 1266 1530 liceret.
1323 1490 1405 1530 Sed
1442 1491 1520 1531 hoc

312 1566 428 1592 meae
447 1555 595 1591 nimiae
614 1552 834 1592 facilitatis.
892 1553 997 1591 Nam
1015 1553 1058 1591 id
1078 1540 1388 1605 effi't‘qu-ondam
1406 1558 1519 1611 Q

313 1629 493 1663 necesse,
521 1629 642 1662 nunc,
672 1628 833 1667 quoquo
861 1615 983 1654 modo
1010 1629 1054 1655 se
1083 1629 1147 1654 res
1177 1615 1316 1664 habet,
1344 1630 1427 1656 non
1455 1623 1520 1657 est

312 1681 423 1717 item.

367 1740 500 1788 Quam
532 1739 686 1778 dudum
718 1739 821 1778 nihil
854 1740 998 1787 habeo,
1029 1741 1139 1793 quod
1171 1740 1223 1780 ad
1249 1745 1294 1780 te
1325 1741 1517 1781 scribam!

312 1803 452 1843 Scribo
481 1809 634 1850 tamen,
663 1817 745 1841 non
776 1809 823 1843 ut
853 1804 1058 1842 delectem
1087 1803 1150 1843 his
1178 1804 1341 1852 litteris,
1369 1804 1442 1843 sed
1471 1810 1519 1845 ut

355 1956 368 1978 ¹
391 1957 467 1990 The
496 1956 564 1990 full
591 1957 793 2001 quotation,
823 1957 939 1990 which
970 1968 1086 1990 comes
1115 1956 1205 1991 from
1237 1957 1299 1991 the
1330 1957 1457 2000 Pelope
1481 1957 1520 1992 of

311 2001 453 2042 Accius,
471 2011 578 2035 runa:
1246 2046 1267 2062 u
1347 2044 1414 2078 lem

356 2087 418 2121 ubi
432 2098 498 2121 noc
513 2087 764 2131 Pelopidarum
780 2098 906 2121 nomen
923 2098 987 2120 nec
1002 2087 1098 2121 facta
1114 2091 1178 2121 aut
1194 2055 1516 2122 fama‘inroaudilsmst

316 2136 396 2171 240
