1572 2378
558 150 639 188 MA
649 150 784 189 RCUS
822 149 1067 189 TULLIUS
1106 149 1308 188 CICERO

329 237 426 289 quid
446 243 554 277 ante.
610 238 727 277 Nosti
747 238 888 276 horum
910 241 1244 277 exercitationem
1263 240 1306 276 in
1324 237 1535 276 latrocinio

329 303 373 336 et
391 301 624 337 amentiam.

384 358 608 406 Dolabella,
625 361 683 396 vir
702 361 892 408 optimus,
908 361 999 405 etsi,
1014 371 1107 396 cum
1120 358 1344 396 scribebam
1358 355 1536 395 secunda

329 432 468 457 mensa
504 419 701 470 adposita,
738 421 896 457 venisse
934 432 1028 456 eum
1064 418 1116 456 ad
1158 418 1272 456 Baias
1308 417 1535 465 audiebam,

329 485 468 518 tamen
487 479 537 517 ad
557 493 623 517 me
643 493 693 517 ex
715 479 928 517 Formiano
947 481 1121 529 scripsit,
1139 491 1238 530 quas
1258 478 1429 526 litteras,
1442 490 1534 516 cum

330 553 352 577 e
372 539 532 578 balineo
552 542 738 587 exissem,
756 541 909 590 accepi,
928 552 1016 577 sese
1036 538 1088 577 de
1107 539 1374 577 attributione
1401 540 1536 576 omnia

329 613 484 638 summa
503 599 658 638 fecisse.
716 599 955 637 Vettienum
979 604 1141 637 accusat
1169 599 1355 650 (tricatur
1380 597 1537 636 scilicet

330 666 376 699 ut
394 659 640 712 monetalis),
659 659 732 698 sed
755 663 812 698 ait
838 665 971 698 totum
1000 662 1211 711 negotium
1240 658 1418 697 Sestium
1445 670 1535 696 nos-

330 726 438 759 trum
457 722 694 771 suscepisse,
723 723 920 770 optimum
951 719 1117 771 quidem
1145 719 1260 757 illum
1289 721 1418 756 virum
1445 730 1536 756 nos-

330 783 463 832 trique
484 783 815 819 amantissimum.
874 780 1037 827 Quaero
1063 785 1216 826 autem,
1244 778 1341 830 quid
1367 777 1536 817 tandem

330 840 484 879 Sestius
504 843 547 878 in
567 840 641 878 hac
662 853 704 878 re
725 840 857 878 facere
877 843 1016 891 possit,
1042 839 1151 890 quod
1179 852 1262 877 non
1289 841 1419 890 quivis
1445 850 1537 876 nos-

330 905 450 939 trum.
518 900 613 947 Sed,
647 902 679 937 si
712 899 809 950 quid
848 904 1010 949 practer
1046 912 1160 950 spem
1199 902 1289 946 erit,
1322 898 1458 946 facies,
1490 903 1538 937 ut

331 963 451 998 sciam
466 973 476 1005 ;
502 963 563 998 sin
579 965 656 1007 est,
670 965 716 998 ut
730 960 914 1005 arbitror,
929 962 1140 1010 negotium
1155 958 1374 1011 perditum,
1387 958 1537 997 scribes

332 1027 482 1068 tamen,
501 1034 636 1071 neque
656 1023 732 1058 ista
751 1033 814 1058 res
835 1020 1116 1057 commovebit.

387 1080 470 1119 Nos
489 1080 555 1118 hic
575 1083 866 1130 φιλοσοφοῦμεν
884 1078 1000 1131 (quid
1021 1082 1130 1118 enim
1149 1079 1259 1117 aliud
1273 1077 1306 1131 ?)
1325 1083 1370 1118 et
1387 1080 1435 1119 τὰ
1452 1079 1537 1130 περὶ

331 1144 397 1180 τοῦ
416 1142 639 1191 καθήκοντος
657 1139 871 1190 magnifice
894 1139 1141 1190 explicamus
1161 1142 1538 1191 προσφωνοῦμενςυε

333 1202 540 1245 Ciceroni;
568 1213 647 1251 qua
665 1199 717 1237 de
738 1213 780 1237 re
801 1202 910 1237 enim
931 1202 1064 1250 potius
1084 1205 1200 1250 pater
1218 1199 1327 1241 filio?
1377 1198 1538 1237 Deinde

332 1261 419 1298 alia.
478 1259 588 1307 Quid
618 1260 804 1311 quaeris?
842 1259 1019 1296 exstabit
1048 1272 1171 1310 opera
1202 1261 1539 1310 peregrinationis

334 1322 461 1359 huius.
512 1321 732 1358 Varronem
753 1319 874 1357 hodie
893 1324 965 1357 aut
984 1332 1070 1357 cras
1085 1324 1301 1357 venturum
1321 1319 1539 1370 putabant;

334 1395 411 1433 ego
428 1386 567 1420 autem
586 1383 628 1418 in
651 1380 939 1430 Pompeianum
967 1380 1242 1430 properabam,
1264 1392 1345 1416 non
1365 1391 1445 1430 quo
1463 1377 1540 1416 hoc

335 1441 422 1479 loco
458 1443 673 1492 quicquam
719 1438 940 1490 pulchrius,
981 1439 1054 1476 sed
1096 1438 1421 1489 interpellatores
1457 1437 1540 1476 illic

333 1503 466 1540 minus
498 1500 672 1540 molesti.
729 1498 811 1537 Sed
843 1499 1060 1549 perscribe,
1091 1512 1252 1550 quaeso,
1285 1511 1390 1550 quae
1422 1511 1541 1537 causa

334 1564 387 1600 sit
407 1560 574 1612 Myrtilo
592 1558 761 1612 (poenas
781 1558 946 1610 quidem
965 1558 1079 1596 illum
1103 1557 1346 1608 pependisse
1373 1556 1540 1610 audivi),

335 1625 379 1658 et
397 1623 548 1658 satisne
567 1623 720 1670 pateat,
739 1617 849 1656 unde
869 1623 1091 1668 corruptus.

391 1680 506 1719 Haec
535 1692 627 1717 cum
654 1678 887 1724 scriberem,
914 1682 1076 1715 tantum
1115 1676 1222 1728 quod
1261 1677 1540 1716 existimabam

334 1740 385 1778 ad
415 1745 458 1778 te
488 1741 712 1777 orationem
744 1750 831 1775 esse
862 1736 1070 1788 perlatam.
1131 1737 1230 1783 Hui,
1256 1750 1376 1788 quam
1401 1739 1540 1783 timeo,

335 1799 432 1852 quid
452 1799 682 1838 existimes!
730 1797 818 1835 Etsi
837 1796 934 1848 quid
954 1796 1005 1834 ad
1025 1797 1119 1834 me?
1149 1809 1252 1847 quae
1272 1809 1354 1834 non
1368 1799 1422 1834 sit
1436 1795 1541 1835 foras

335 1859 542 1911 proditura
571 1860 647 1896 nisi
677 1870 720 1895 re
751 1856 912 1907 publica
940 1860 1187 1906 recuperata.
1247 1855 1311 1894 De
1337 1869 1417 1907 quo
1442 1855 1539 1908 quid

333 1932 506 1971 sperem,
526 1932 607 1956 non
626 1917 757 1956 audeo
777 1918 962 1954 scribere.

377 2042 465 2078 ¹Cf.
499 2044 572 2076 Act.
607 2050 684 2075 xvl.
715 2042 767 2074 11.
817 2040 873 2073 He
904 2050 977 2073 was
1006 2038 1154 2073 aecused
1186 2038 1223 2071 of
1253 2039 1472 2082 attempting
1502 2042 1540 2072 to

334 2086 476 2121 murder
492 2088 650 2128 Antony.

336 2135 413 2169 332
