1546 2378
518 174 743 212 MARCUS
777 174 1025 214 TULLIUS
1064 175 1267 215 CICERO

285 261 462 312 quidem.
522 263 660 314 Atque
690 265 815 302 etiam
844 263 913 302 illa
941 277 1061 303 causa
1087 269 1152 304 est
1178 277 1261 303 non
1288 265 1490 305 veniendi.

289 329 525 378 Meministi,
544 330 643 383 quid
662 344 714 370 ex
733 337 777 370 te
797 331 967 371 Aledius
986 335 1216 384 quaesierit.
1268 332 1351 382 Qui
1368 336 1491 373 etiam

286 411 394 436 nunc
412 398 575 438 molesti
595 404 704 448 sunt,
724 399 822 451 quid
843 403 1061 448 existimas,
1081 403 1115 439 si
1134 402 1310 440 venem?

340 466 405 505 De
438 466 632 507 Terentia
663 471 723 507 ita
755 482 861 516 cura,
895 474 943 507 ut
974 469 1126 517 scribis,
1156 482 1304 521 meque
1337 469 1413 508 hac
1439 469 1493 509 ad

286 538 479 575 maximas
504 537 782 588 aegritudines
810 539 1041 576 accessione
1059 550 1142 576 non
1161 540 1336 576 maxima
1353 537 1490 578 libera.

288 604 353 652 Et,
383 609 432 643 ut
460 607 561 644 scias
590 619 657 644 me
689 609 748 644 ita
777 606 931 654 dolere,
960 612 1008 644 ut
1039 619 1122 644 non
1154 609 1321 655 iaceam,
1348 607 1493 660 quibus

286 672 517 712 consulibus
546 673 773 712 Carneades
802 679 846 712 et
874 687 923 712 ea
950 674 1102 725 legatio
1130 674 1296 713 Romam
1322 678 1492 724 venerit,

285 743 480 792 seriptum
500 747 563 780 est
591 744 634 780 in
662 747 734 780 tuo
762 742 922 781 annali:
951 742 1052 781 haec
1078 756 1188 781 nunc
1212 757 1363 795 quaero
1389 757 1493 797 quae

286 821 404 847 causa
421 809 556 848 fuerit.
616 809 680 848 De
701 810 850 861 Oropo,
869 813 1025 862 opinor,
1051 809 1124 848 sed
1154 815 1312 849 certum
1340 815 1490 852 nescio.

285 876 354 925 Et,
373 880 406 916 si
425 881 482 916 ita
502 884 577 926 est,
597 891 701 930 quae
721 881 1030 918 controversiae
1090 879 1318 927 Praeterea,
1346 882 1416 932 qui
1444 893 1494 920 eo

285 951 471 997 tempore
500 946 647 985 nobilis
681 947 903 998 Epicureus
933 946 1062 986 fuerit
1092 947 1350 1000 Athenisque
1379 962 1493 1000 prae-

285 1013 411 1052 fuerit
446 1014 588 1063 hortis,
619 1017 689 1066 qui
726 1017 851 1053 etiam
889 1014 1066 1054 Athenis
1115 1016 1302 1056 πολιτικοὶ
1339 1015 1494 1056 fuerint

285 1081 474 1122 illustres.
551 1082 668 1130 Quae
713 1085 836 1122 etiam
875 1096 925 1122 ex
967 1083 1201 1134 Apollodori
1237 1090 1338 1136 puto
1375 1098 1493 1138 posse

286 1153 468 1189 inveniri.

340 1219 405 1258 De
434 1221 573 1258 Attica
602 1219 831 1266 molestum,
861 1220 946 1267 sed,
975 1223 1166 1271 quoniam
1194 1220 1352 1269 leviter,
1380 1227 1492 1262 recte

287 1300 374 1326 esse
408 1287 576 1326 confido.
648 1287 712 1325 De
747 1287 916 1325 Gamala
949 1287 1117 1326 dubium
1150 1302 1231 1326 non
1261 1289 1362 1328 mihi
1391 1296 1490 1331 erat.

291 1355 410 1394 Unde
439 1358 549 1394 enim
577 1360 662 1394 tam
691 1355 791 1393 felix
820 1354 946 1407 Ligus
978 1357 1123 1406 pater?
1181 1356 1286 1394 Nam
1313 1357 1411 1409 quid
1438 1358 1492 1398 de

288 1436 354 1463 me
373 1424 520 1472 dicam,
538 1426 602 1462 cui
625 1429 672 1462 ut
691 1425 826 1461 omnia
854 1426 1113 1475 contingant,
1132 1437 1236 1476 quae
1255 1424 1360 1474 volo,
1377 1425 1490 1465 levar

287 1505 368 1530 non
386 1495 576 1544 possum?

340 1561 404 1600 De
435 1562 557 1600 Drusi
585 1561 726 1609 hortis,
754 1564 897 1612 quanti
926 1561 1086 1599 licuisse
1113 1567 1157 1600 tu
1183 1562 1335 1611 scribis,
1353 1563 1395 1602 id
1413 1577 1491 1616 ego

284 1644 445 1682 quoque
477 1630 696 1677 audieram,
727 1635 783 1677 et,
818 1635 864 1668 ut
897 1632 1053 1680 opinor,
1085 1629 1172 1668 heri
1205 1630 1257 1668 ad
1289 1635 1334 1670 te
1366 1634 1490 1684 scrip-

283 1711 433 1744 seram3
462 1698 534 1737 sed
547 1700 853 1750 quantiquanti,
873 1698 980 1736 bene
1004 1700 1167 1746 emitur,
1189 1697 1297 1750 quod
1322 1712 1488 1739 necesse

283 1773 357 1808 est.
407 1767 524 1815 Mihi,
543 1780 705 1819 quoquo
725 1766 847 1804 modo
866 1771 912 1805 tu
933 1768 1140 1816 existimas
1158 1765 1259 1820 (scio
1273 1770 1396 1816 enim,
1412 1781 1489 1821 ego

283 1839 369 1886 ipse
396 1835 495 1887 quid
523 1835 575 1874 de
600 1848 667 1873 me
694 1832 955 1887 existimem),
974 1833 1124 1872 levatio
1142 1834 1340 1885 quaedam
1360 1841 1438 1884 est,
1454 1839 1488 1876 ai

283 1907 415 1942 minus
435 1903 596 1951 doloris,
616 1908 659 1942 at
677 1903 793 1941 officii
813 1902 954 1941 debiti.

337 1972 401 2010 Ad
432 1971 588 2010 Siccam
617 1974 769 2023 scripsi,
789 1970 897 2023 quod
918 1973 1047 2009 utitur
1068 1970 1111 2009 L.
1135 1971 1264 2010 Cotta.
1323 1971 1366 2011 Si
1385 1971 1485 2012 nihil

282 2040 518 2079 conficietur
536 2040 589 2079 de
608 2039 935 2086 Transtiberinis,
955 2038 1081 2077 habet
1099 2041 1140 2077 in
1162 2038 1343 2079 Ostiensi
1369 2040 1487 2080 Cotta

280 2162 332 2197 50
