1572 2378
574 151 800 192 MARCUS
839 154 1084 194 TULLIUS
1123 155 1324 196 CICERO

343 238 428 286 sed,
448 241 566 277 sime
591 253 715 288 amas,
745 239 880 280 hilaris
908 246 953 280 et
982 243 1086 281 bene
1114 245 1304 294 acceptis,
1332 257 1387 284 ne
1412 246 1457 284 in

343 301 596 340 stomachum
615 309 844 354 erumpant,
864 317 956 342 cum
976 308 1059 344 sint
1077 307 1150 344 tibi
1172 308 1273 346 irati.

400 364 464 402 De
484 364 679 403 Cicerone
697 365 819 404 velim
834 369 892 405 ita
907 369 974 415 sit,
989 373 1036 406 ut
1049 368 1245 407 audimus.
1294 368 1359 408 De
1379 368 1460 429 X

344 440 477 465 coram
509 440 772 478 cognoscam;
810 442 1054 481 quamquam
1087 430 1189 468 nihil
1221 431 1273 469 ab
1303 444 1352 470 eo
1381 445 1405 470 a
1436 449 1443 465 ·

344 502 478 542 neque
496 489 762 542 indiligenter
790 504 924 543 neque
952 491 1230 532 inliberaliter.
1289 493 1354 533 De
1385 492 1442 534 Η

343 552 502 601 faciam,
520 558 567 592 ut
587 553 768 602 mandas,
787 559 831 592 et
850 567 911 603 ea,
931 568 1034 606 quae
1058 556 1211 603 scribis,
1239 569 1291 595 ex
1318 555 1523 608 Saufeio
1515 605 1538 611 ,Β

344 629 366 658 e
391 615 564 654 Xenone
592 629 845 667 cognoscam.
904 617 969 656 De
998 617 1155 666 Quinto
1182 618 1264 657 filio
1290 619 1451 671 gaudeo
1488 638 1498 651 κ
1523 640 1528 652 ⁴
1549 624 1557 625 ‘⁷

343 691 453 716 meas
485 678 643 717 litteras
676 682 786 730 prius
815 693 839 717 a
868 680 1078 718 tabellario
1110 694 1203 719 meo
1234 695 1356 734 quam
1383 683 1437 722 ab
1462 683 1498 722 i·

344 741 547 787 redditas3
594 754 838 793 quamquam
876 748 919 781 te
956 743 1058 781 nihil
1102 743 1325 784 fefellisset.
1400 732 1563 788 Verum

343 810 482 842 tamen
506 827 572 843 —.
630 804 711 844 Sed
741 811 946 857 exspecto,
976 806 1074 858 quid
1103 807 1172 846 ille
1199 813 1352 856 tecum,
1379 796 1569 861 quid3‚

344 869 530 913 vicissim,
560 881 637 906 nec
669 868 826 916 dubito,
857 871 954 920 quin
986 883 1058 907 suo
1087 883 1199 909 more
1229 862 1553 924 uterque.

343 942 411 967 eas
448 929 605 968 litteras
643 930 806 968 Curium
843 930 943 969 mihi
982 945 1100 982 spero
1138 932 1403 972 redditurum.
1465 931 1570 978 ⁴7⁸3

343 991 509 1043 quidem
539 995 616 1030 etsi
647 1005 721 1043 per
749 1006 793 1031 se
824 999 887 1032 est
919 995 1100 1033 amabilis
1128 1009 1151 1032 a
1178 1009 1327 1048 meque
1356 995 1555 1048 diligm

343 1059 481 1092 tamen
528 1054 698 1093 accedet
744 1069 915 1106 magnus
962 1057 1145 1096 cumulus
1191 1059 1505 1099 commendati

343 1122 450 1155 tuae.
1546 1158 1548 1162 ,

399 1179 566 1217 Litteris
585 1182 665 1218 tuis
685 1183 780 1218 satis
802 1194 1039 1232 responsum
1060 1188 1146 1227 est;
1176 1197 1285 1222 nunc
1303 1183 1411 1232 audi,
1429 1197 1501 1237 qu·
1518 1203 1526 1217 ε
1546 1181 1552 1213 ἶ
1569 1175 1571 1177 ’

344 1245 419 1280 etsi
450 1242 647 1293 intellego
675 1244 794 1282 scribi
822 1257 990 1282 necesse
1019 1258 1101 1283 non
1130 1258 1230 1294 esse,
1251 1247 1381 1285 scribo
1398 1252 1527 1286 tame

346 1304 477 1342 Multa
505 1318 570 1343 me
596 1311 763 1344 movent
793 1309 836 1343 in
858 1306 1052 1355 discessu,
1086 1311 1128 1346 in
1155 1311 1294 1359 primis
1318 1276 1570 1372 mehercul-{ss

343 1364 451 1415 quod
479 1364 669 1415 diiungor
693 1378 717 1402 a
741 1371 796 1403 te.
854 1365 994 1409 Movet
1014 1369 1138 1405 etiam
1159 1371 1426 1419 navigationis
1463 1398 1466 1401 ,
1490 1388 1497 1403 ι

341 1426 497 1464 alienus
530 1439 614 1465 non
650 1428 702 1465 ab
738 1433 874 1466 aetate
906 1429 1034 1466 solum
1066 1435 1216 1477 nostra,
1247 1444 1386 1470 verum
1436 1450 1439 1453 ⁴
1473 1434 1483 1444 ‘

342 1503 365 1526 a
387 1489 591 1540 dignitate
618 1494 861 1541 tempusque
887 1491 1086 1530 discessus
1109 1493 1414 1533 subabsurdum.

342 1551 561 1603 linquimus
599 1555 709 1590 enim
747 1566 901 1603 pacem,
932 1559 979 1592 ut
1016 1554 1068 1592 ad
1106 1555 1259 1593 bellum
1286 1568 1382 1595 reve
1430 1551 1553 1589 nur*

342 1614 533 1666 quodque
583 1618 779 1666 temporis
825 1619 868 1654 in
913 1616 1131 1667 praediolis
1175 1621 1322 1657 nostris
1360 1623 1405 1658 et
1451 1637 1459 1652 ο

341 1675 561 1715 aedificatis
588 1682 632 1715 et
656 1680 753 1716 satis
779 1681 960 1717 amoenis
988 1683 1170 1718 consumi
1198 1682 1347 1731 potuit,
1366 1683 1410 1719 in
1448 1700 1455 1714 ·

341 1741 571 1791 grinatione
622 1743 905 1780 consumimus.
983 1741 1252 1781 Consolantur
1297 1743 1425 1783 haec.
1479 1797 1481 1799 Ι
1515 1785 1550 1799 ‘v

342 1802 593 1853 proderimus
635 1803 788 1855 aliquid
828 1803 1025 1851 Ciceroni,
1062 1810 1134 1844 aut
1171 1811 1369 1857 quantum
1422 1825 1447 1851 ι,
1467 1825 1474 1839 ·
1495 1828 1499 1835 =

342 1868 480 1916 possit,
499 1865 778 1905 iudicabimus.
838 1867 1000 1906 Deinde
1026 1873 1071 1906 tu
1100 1871 1190 1915 iam,
1212 1874 1258 1907 ut
1276 1883 1407 1920 spero,
1431 1874 1516 1910 ιιι.-
1525 1866 1562 1909 J

342 1930 559 1978 promittis,
578 1928 721 1967 aderis.
780 1928 901 1976 Quod
930 1930 1096 1981 quidem
1122 1934 1153 1968 si
1182 1932 1388 1979 acciderit,
1414 1944 1512 1970 om..
1550 1931 1554 1938 “

340 1990 456 2029 nobis
503 1996 625 2029 erunt
670 1991 846 2030 meliora
923 1992 1103 2031 Maxime
1142 1999 1280 2032 autem
1319 2007 1386 2034 me
1440 1955 1569 2031 -ι-,πξ

339 2055 442 2091 ratio
488 2052 733 2105 reliquorum
776 2067 969 2093 meorum.
1037 2053 1153 2102 Quae
1198 2069 1440 2108 quamquam
1476 2048 1554 2110 e'i'

340 2131 418 2171 378
1504 2099 1524 2122 '
1540 2097 1570 2151 *s

1487 1625 1569 1708 ε,
