1572 2378
563 160 788 198 MARCUS
828 160 1072 199 TULLIUS
1112 160 1313 201 CICERO
1368 171 1371 174 '

334 247 389 285 Et
410 247 462 286 de
488 247 658 285 Herode
685 252 730 286 et
757 248 908 287 Mettio
936 250 1161 287 meminero
1188 253 1234 287 et
1260 247 1313 286 de
1342 249 1540 294 omnibus,

333 323 437 361 quae
465 315 510 348 te
541 310 646 349 velle
679 311 910 362 suspicabor
942 311 1076 350 modo.
1133 310 1173 350 Ο
1201 316 1366 362 turpem
1397 313 1542 350 sororis

333 378 428 410 tuae
456 371 607 411 filium!
663 372 764 411 Cum
792 373 893 412 haec
920 374 1152 421 scriberem,
1170 372 1420 412 adventabat
1443 374 1542 426 αὒτῇ

332 435 519 485 βουλύσει
538 436 779 474 cenantibus
798 436 924 474 nobis.

840 600 1024 638 XXVIII

731 700 870 725 elctno
899 700 1040 725 ATTICO
1070 700 1147 726 SAL.

48 775 126 814 Ser.
149 775 188 813 in
389 775 490 826 Ego,
520 780 567 814 ut
594 775 644 814 ad
676 781 719 814 te
748 776 878 826 pridie
907 779 1157 827 scripseram,
1187 776 1315 816 Nonis
1345 780 1542 817 constitu-

50 829 226 882 Αφῖηαίὶ
250 828 286 867 V
335 851 444 876 eram
468 841 605 876 venire
628 841 671 875 in
697 838 975 877 Puteolanum.
1034 839 1097 877 Ibi
1124 842 1250 890 igitur
1273 840 1425 879 cotidie
1450 846 1542 880 tum

51 883 148 922 N0n·
180 883 304 926 Qum·
334 900 492 939 litteras
521 902 766 952 exspectabo
796 906 840 940 et
869 905 1043 940 maxime
1073 901 1126 940 de
1156 902 1286 949 ludis;
1313 903 1367 942 de
1395 904 1541 955 quIbus

48 952 84 977 α·
108 939 185 979 710
335 965 459 1001 etiam
478 963 528 1001 ad
550 963 721 1001 Brutum
740 964 816 1002 tibi
835 964 1093 1002 scribendum
1112 970 1186 1005 est.
1244 964 1366 1004 Cuius
1389 969 1542 1018 epiztu-

332 1025 408 1072 lae,
437 1039 558 1077 quam
587 1029 846 1077 interpretari
874 1029 961 1078 ipse
990 1029 1055 1064 vix
1084 1032 1281 1078 poteram,
1307 1028 1540 1082 exemplum

330 1088 460 1138 pridie
498 1089 573 1126 tibi
612 1091 810 1128 miseram.
880 1089 1045 1128 Atticae
1081 1103 1198 1128 meae
1231 1090 1353 1129 velim
1383 1104 1452 1131 me
1482 1094 1541 1132 ita

329 1163 511 1198 excuses,
543 1156 589 1189 ut
622 1165 784 1189 omnem
816 1152 975 1203 culpam
1010 1155 1052 1190 in
1085 1158 1128 1191 te
1161 1153 1394 1202 transferas,
1425 1160 1470 1194 et
1501 1158 1539 1195 ei

331 1218 468 1251 tamen
488 1214 699 1252 confirmes
722 1227 788 1253 me
812 1218 1071 1253 immutatum
1094 1228 1272 1254 amorem
1294 1229 1431 1255 meum
1454 1231 1539 1257 me·
1571 1212 1572 1216 ¹

329 1288 420 1314 cum
440 1276 663 1316 abstuIisse.

862 1384 999 1422 XXIX

725 1484 865 1509 CICERO
895 1484 1036 1509 ATTICO
1064 1485 1142 1511 SAL.

43 1560 121 1600 Scr.
149 1560 188 1598 in
214 1561 308 1599 For·
383 1558 497 1596 Bruti
518 1558 632 1596 adte
653 1559 868 1609 epistulam
888 1562 988 1597 misi.
1051 1559 1102 1597 Di
1132 1560 1239 1607 boni,
1265 1565 1417 1612 quanta
1442 1565 1534 1613 ἀμη-
1566 1551 1572 1618 Ξ

43 1615 165 1653 miano
184 1615 257 1652 ῙῘῙ
325 1622 457 1674 χανίαέ
530 1621 770 1671 Cognosces,
804 1635 895 1659 cum
929 1621 1086 1671 legeriS.
1160 1621 1224 1661 De
1258 1623 1532 1669 celebratione
1566 1633 1572 1675 ξ

45 1668 141 1707 Non·
170 1668 293 1712 Quint·
324 1684 510 1722 ludorum
534 1684 646 1721 Bruti
669 1685 744 1722 tibi
762 1684 980 1722 adsentior.
1038 1684 1104 1722 Ad
1136 1685 1191 1722 M.
1215 1685 1378 1724 Aelium
1397 1686 1532 1727 nullus
1566 1687 1572 1701 “

42 1736 77 1761 ⁰·
102 1724 179 1763 710
324 1752 369 1785 tu
390 1747 555 1798 quidem
575 1747 753 1794 domum,
774 1747 846 1785 sed
865 1748 993 1785 sicubi
1012 1747 1212 1786 inciderit.
1261 1747 1326 1786 De
1345 1748 1532 1789 Tulliano
1563 1735 1572 1799 ξ

323 1812 487 1848 semisse
509 1809 564 1847 M.
582 1810 785 1848 Axianum
799 1810 1024 1856 adhibebis,
1039 1815 1086 1848 ut
1100 1811 1250 1849 scribis.
1300 1810 1422 1859 Quod
1437 1824 1530 1852 eum
1563 1801 1572 1854 ff

323 1871 492 1909 Cosiano
511 1874 645 1922 egisti,
664 1875 829 1923 optime.
879 1871 1000 1919 Quod
1021 1885 1103 1910 non
1123 1873 1252 1911 solum
1271 1886 1375 1921 mea,
1388 1887 1528 1915 verum
1560 1858 1572 1923 1

322 1937 445 1971 etiam
464 1939 535 1971 tua
555 1933 698 1972 eadem
718 1934 898 1985 expedis,
918 1940 1089 1986 gratum.
1150 1935 1416 1986 Legationem
1436 1949 1528 1988 pro·

322 1997 405 2034 bari
427 2009 557 2034 meam
577 1996 746 2047 gaudeo.
789 1996 910 2044 Quod
930 2000 1142 2048 promittis,
1161 1997 1202 2036 di
1222 1998 1376 2037 faxint!
1415 1998 1525 2048 Quid

320 2061 429 2096 enim
464 2057 563 2096 mihi
596 2062 696 2097 meis
727 2060 967 2098 iucundius?
1038 2059 1120 2098 Sed
1157 2062 1288 2107 istam,
1320 2073 1441 2113 quam
1478 2067 1524 2101 tu
1561 2069 1566 2076 “

321 2122 399 2162 364
