1572 2378
550 135 777 175 MARCUS
815 135 1061 175 TULLIUS
1099 135 1300 173 CICERO

317 224 525 263 tellexeris
543 224 595 262 ab
614 237 663 263 eo
682 226 976 274 ζηλοτυπεῖσθαι
995 226 1072 262 nisi
1098 223 1206 262 forte
1235 223 1418 263 Brutum.
1476 223 1527 262 Id

319 290 456 329 hercle
486 291 677 329 restabat.
735 289 818 328 Sed
848 294 988 328 tamen
1018 291 1120 327 scire
1150 289 1357 340 pervelim.
1416 288 1527 328 Libri

313 355 484 407 'quidem
502 358 561 394 ita
579 358 781 402 exierunt,
796 357 874 393 nisi
892 354 998 393 forte
1017 368 1084 393 me
1104 357 1328 394 communis
1347 354 1527 406 φιλαυτία

318 421 484 472 decipit,
513 426 561 460 ut
588 423 631 459 in
658 421 731 460 tali
759 433 912 472 genere
939 434 993 459 ne
1021 420 1131 471 apud
1158 420 1334 460 Graecos
1362 420 1528 473 quidem

317 487 449 526 simile
485 489 711 538 quicquam.
774 486 837 525 Tu
873 486 985 524 illam
1021 489 1217 525 iacturam
1254 486 1362 526 feres
1397 499 1528 539 aequo

317 555 464 600 animo,
493 552 602 604 quod
630 552 711 600 illa,
740 565 845 604 quae
872 551 998 590 habes
1017 551 1071 590 de
1091 551 1359 600 Academicis,
1378 551 1528 592 frustra

317 618 524 669 descripta
555 623 662 657 sunt.
723 617 857 656 Multo
888 622 1029 656 tamen
1062 617 1163 656 haec
1195 623 1318 656 erunt
1348 617 1528 670 splendi-

316 683 440 731 diora,
460 685 655 731 breviora‚
674 683 852 722 meliora.
911 683 1032 721 Nunc
1049 688 1189 722 autem
1208 686 1348 735 ἀπορῶ,
1365 696 1448 736 quo
1459 696 1527 723 me

319 755 484 788 vertam.
543 749 645 787 Volo
665 748 904 787 Dolabellae
923 747 1042 786 valde
1061 747 1335 795 desideranti;
1361 761 1446 788 non
1463 762 1527 789 re-

36 830 122 863 atad,
137 829 177 856 vi.
192 832 263 863 442;
319 818 443 866 perio,
482 814 593 866 quid,
631 820 675 853 et
712 814 831 852 simul
870 818 896 836 “
907 814 1077 865 αἰδέομαι
1112 814 1274 865 Τρῶας”
1313 827 1463 867 neque,
1492 817 1527 855 si

36 864 112 892 ¹¹¹¹·
126 865 177 892 ¹⁰⁰
318 881 482 932 aliquid,
520 886 663 932 potero
704 880 847 932 μέμψιν
889 880 1079 931 effugere.
1156 880 1243 919 Aut
1287 881 1526 920 cessandum

317 949 442 998 igitur
478 952 550 986 aut
586 946 740 998 aliquid
777 946 1103 997 excogitandum.
1172 945 1254 986 Sed
1291 947 1390 999 quid
1425 946 1526 986 haec

316 1012 422 1051 levia
441 1013 652 1051 curamus?

372 1079 511 1117 Attica
529 1091 633 1125 mea,
648 1079 816 1116 obsecro
828 1082 888 1126 te,
903 1077 1001 1129 quid
1019 1078 1137 1129 agit?
1184 1076 1302 1125 Quae
1320 1091 1387 1116 me
1407 1077 1525 1117 valde

314 1148 442 1196 angit.
500 1144 582 1184 Sed
611 1144 753 1182 crebro
779 1149 946 1196 reg-usto
973 1149 1064 1182 tuas
1093 1143 1250 1182 litteras
1263 1157 1274 1191 ;
1304 1146 1348 1182 in
1372 1143 1436 1183 his
1458 1157 1524 1183 ac-

316 1212 490 1262 quiesco.
548 1209 704 1247 Tamen
724 1213 917 1259 exspecto
935 1222 1069 1247 novas.

370 1275 512 1313 Brinni
529 1274 714 1322 libertus,
729 1274 896 1312 coheres
915 1279 1066 1322 noster,
1083 1277 1243 1325 scripsit
1257 1274 1308 1312 ad
1322 1287 1389 1312 me
1405 1273 1523 1323 velle,

315 1343 349 1379 si
372 1340 473 1378 mihi
497 1340 691 1391 placeret,
712 1339 948 1387 coheredes,
976 1353 1020 1378 se
1049 1345 1093 1378 et
1121 1339 1314 1378 Sabinum
1344 1339 1523 1388 Albium,

314 1406 366 1444 ad
384 1420 451 1444 me
470 1409 619 1444 venire.
679 1405 729 1444 Id
757 1419 835 1457 ego
862 1405 983 1456 plane
1011 1405 1117 1444 nolo.
1177 1405 1399 1444 Hereditas
1417 1409 1522 1445 tanti

315 1486 396 1510 non
416 1477 490 1511 est.
548 1471 604 1510 Et
622 1477 762 1510 tamen
787 1472 899 1510 obire
924 1474 1122 1510 auctionis
1142 1471 1252 1510 diem
1270 1471 1388 1510 facile
1407 1475 1523 1522 pote-

314 1543 411 1576 runt
430 1539 512 1590 (est
531 1540 640 1576 enim
659 1550 703 1575 111
725 1536 853 1591 Idus),
872 1540 905 1576 si
924 1551 990 1576 me
1010 1540 1053 1575 in
1071 1537 1299 1576 Tusculano
1327 1536 1523 1589 postridie

314 1603 452 1641 Nonas
469 1615 590 1641 mane
616 1605 892 1642 convenerint.
951 1602 1107 1651 Quodsi
1126 1603 1254 1641 laxius
1274 1602 1414 1641 volent
1431 1615 1522 1654 pro-

312 1667 419 1707 ferre
448 1669 570 1716 diem,
599 1674 796 1720 poterunt
815 1668 881 1707 vel
905 1668 1074 1707 biduum
1094 1668 1159 1707 vel
1177 1668 1371 1716 triduum,
1390 1667 1456 1706 vel
1473 1673 1522 1707 ut

312 1735 540 1781 videbitur;
567 1734 670 1772 nihil
689 1736 799 1773 enim
822 1736 1006 1773 interest.
1065 1733 1214 1781 Quare,
1234 1736 1312 1772 nisi
1330 1735 1410 1771 iam
1428 1747 1519 1786 pro-

310 1800 410 1839 fecti
443 1805 552 1847 sunt,
584 1800 780 1838 retinebis
816 1799 1012 1838 homines.
1071 1799 1136 1838 De
1174 1799 1314 1847 Bruto,
1351 1801 1385 1837 si
1421 1799 1520 1851 quid

311 1868 456 1916 egerit,
472 1865 524 1903 de
540 1865 721 1912 Caesare,
738 1867 771 1903 si
785 1865 883 1917 quid
899 1867 1014 1912 scies,
1028 1867 1060 1903 si
1080 1864 1178 1916 quid
1198 1867 1276 1903 erit
1294 1869 1519 1915 praeterea,

310 1931 470 1969 scribes.

315 2113 390 2147 132
