<?xml version="1.0" encoding="UTF-8"?>
<!DOCTYPE html PUBLIC "-//W3C//DTD XHTML 1.0 Transitional//EN"
    "http://www.w3.org/TR/xhtml1/DTD/xhtml1-transitional.dtd">
<html xmlns="http://www.w3.org/1999/xhtml" xml:lang="en" lang="en">
 <head>
  <title>
</title>
<meta http-equiv="Content-Type" content="text/html;charset=utf-8" />
  <meta name='ocr-system' content='tesseract 3.04.00' />
  <meta name='ocr-capabilities' content='ocr_page ocr_carea ocr_par ocr_line ocrx_word'/>
</head>
<body>
  <div class='ocr_page' id='page_1' title='image "./letterstoatticuswins03ciceuoft/letterstoatticuswins03ciceuoft_0046.png"; bbox 0 0 1592 2366; ppageno 0'>
   <div class='ocr_carea' id='block_1_1' title="bbox 566 169 1314 209">
    <p class='ocr_par' dir='ltr' id='par_1_1' title="bbox 566 169 1314 209">
     <span class='ocr_line' id='line_1_1' title="bbox 566 169 1314 209; baseline 0.003 -2"><span class='ocrx_word' id='word_1_1' title='bbox 566 169 791 208; x_wconf 88' lang='lat' dir='ltr'><strong>MARCUS</strong></span> <span class='ocrx_word' id='word_1_2' title='bbox 830 169 1074 208; x_wconf 90' lang='lat' dir='ltr'>TULLIUS</span> <span class='ocrx_word' id='word_1_3' title='bbox 1114 170 1314 209; x_wconf 89' lang='lat' dir='ltr'>CICERO</span> 
     </span>
    </p>
   </div>
   <div class='ocr_carea' id='block_1_2' title="bbox 330 256 1539 665">
    <p class='ocr_par' dir='ltr' id='par_1_2' title="bbox 330 256 1539 665">
     <span class='ocr_line' id='line_1_2' title="bbox 333 256 1538 309; baseline 0.004 -15"><span class='ocrx_word' id='word_1_4' title='bbox 333 256 482 295; x_wconf 88' lang='lat' dir='ltr'>denter</span> <span class='ocrx_word' id='word_1_5' title='bbox 495 258 682 308; x_wconf 84' lang='lat' dir='ltr'><strong>scriptae,</strong></span> <span class='ocrx_word' id='word_1_6' title='bbox 698 256 771 295; x_wconf 88' lang='lat' dir='ltr'>sed</span> <span class='ocrx_word' id='word_1_7' title='bbox 785 256 901 304; x_wconf 85' lang='lat' dir='ltr'><strong>nihil,</strong></span> <span class='ocrx_word' id='word_1_8' title='bbox 916 257 1024 309; x_wconf 92' lang='lat' dir='ltr'>quod</span> <span class='ocrx_word' id='word_1_9' title='bbox 1040 271 1106 296; x_wconf 92' lang='lat' dir='ltr'>me</span> <span class='ocrx_word' id='word_1_10' title='bbox 1120 257 1370 299; x_wconf 84' lang='lat' dir='ltr'>adiuvarent.</span> <span class='ocrx_word' id='word_1_11' title='bbox 1419 258 1538 308; x_wconf 86' lang='lat' dir='ltr'>Quod</span> 
     </span>
     <span class='ocr_line' id='line_1_3' title="bbox 331 327 1538 380; baseline 0.005 -15"><span class='ocrx_word' id='word_1_12' title='bbox 331 327 383 366; x_wconf 83' lang='lat' dir='ltr'>ad</span> <span class='ocrx_word' id='word_1_13' title='bbox 402 333 446 366; x_wconf 93' lang='lat' dir='ltr'>te</span> <span class='ocrx_word' id='word_1_14' title='bbox 465 330 638 379; x_wconf 82' lang='lat' dir='ltr'>scripsit,</span> <span class='ocrx_word' id='word_1_15' title='bbox 657 327 699 366; x_wconf 92' lang='lat' dir='ltr'>id</span> <span class='ocrx_word' id='word_1_16' title='bbox 719 328 880 376; x_wconf 89' lang='lat' dir='ltr'>vellem,</span> <span class='ocrx_word' id='word_1_17' title='bbox 906 333 954 367; x_wconf 94' lang='lat' dir='ltr'>ut</span> <span class='ocrx_word' id='word_1_18' title='bbox 981 330 1068 380; x_wconf 90' lang='lat' dir='ltr'>ipse</span> <span class='ocrx_word' id='word_1_19' title='bbox 1096 327 1270 368; x_wconf 80' lang='lat' dir='ltr'><strong>adesset.</strong></span> <span class='ocrx_word' id='word_1_20' title='bbox 1328 329 1451 370; x_wconf 86' lang='lat' dir='ltr'>Certe</span> <span class='ocrx_word' id='word_1_21' title='bbox 1467 329 1538 371; x_wconf 73' lang='lat' dir='ltr'>ali-</span> 
     </span>
     <span class='ocr_line' id='line_1_4' title="bbox 333 398 1538 451; baseline 0.003 -14"><span class='ocrx_word' id='word_1_22' title='bbox 333 398 443 450; x_wconf 86' lang='lat' dir='ltr'>quid,</span> <span class='ocrx_word' id='word_1_23' title='bbox 458 401 648 451; x_wconf 86' lang='lat' dir='ltr'>quoniam</span> <span class='ocrx_word' id='word_1_24' title='bbox 663 411 730 437; x_wconf 87' lang='lat' dir='ltr'>me</span> <span class='ocrx_word' id='word_1_25' title='bbox 744 404 829 438; x_wconf 89' lang='lat' dir='ltr'>tam</span> <span class='ocrx_word' id='word_1_26' title='bbox 844 399 962 438; x_wconf 90' lang='lat' dir='ltr'>valde</span> <span class='ocrx_word' id='word_1_27' title='bbox 977 405 1100 447; x_wconf 87' lang='lat' dir='ltr'>amat,</span> <span class='ocrx_word' id='word_1_28' title='bbox 1114 399 1335 440; x_wconf 85' lang='lat' dir='ltr'>adiuvaret.</span> <span class='ocrx_word' id='word_1_29' title='bbox 1384 401 1538 450; x_wconf 86' lang='lat' dir='ltr'>Quodsi</span> 
     </span>
     <span class='ocr_line' id='line_1_5' title="bbox 331 469 1539 521; baseline 0.004 -14"><span class='ocrx_word' id='word_1_30' title='bbox 331 469 429 521; x_wconf 91' lang='lat' dir='ltr'>quid</span> <span class='ocrx_word' id='word_1_31' title='bbox 449 472 564 517; x_wconf 84' lang='lat' dir='ltr'>scies,</span> <span class='ocrx_word' id='word_1_32' title='bbox 579 470 728 508; x_wconf 87' lang='lat' dir='ltr'>scribas</span> <span class='ocrx_word' id='word_1_33' title='bbox 746 470 798 508; x_wconf 88' lang='lat' dir='ltr'>ad</span> <span class='ocrx_word' id='word_1_34' title='bbox 816 483 884 509; x_wconf 86' lang='lat' dir='ltr'>me</span> <span class='ocrx_word' id='word_1_35' title='bbox 902 470 1038 518; x_wconf 89' lang='lat' dir='ltr'>velim,</span> <span class='ocrx_word' id='word_1_36' title='bbox 1053 473 1229 511; x_wconf 85' lang='lat' dir='ltr'>maxime</span> <span class='ocrx_word' id='word_1_37' title='bbox 1242 477 1396 520; x_wconf 88' lang='lat' dir='ltr'>autem,</span> <span class='ocrx_word' id='word_1_38' title='bbox 1411 473 1539 512; x_wconf 73' lang='lat' dir='ltr'>Pansa</span> 
     </span>
     <span class='ocr_line' id='line_1_6' title="bbox 330 540 1536 595; baseline 0.004 -16"><span class='ocrx_word' id='word_1_39' title='bbox 330 540 503 592; x_wconf 86' lang='lat' dir='ltr'>quando.</span> <span class='ocrx_word' id='word_1_40' title='bbox 574 540 640 580; x_wconf 86' lang='lat' dir='ltr'>De</span> <span class='ocrx_word' id='word_1_41' title='bbox 679 542 818 580; x_wconf 84' lang='lat' dir='ltr'>Attica</span> <span class='ocrx_word' id='word_1_42' title='bbox 854 541 986 590; x_wconf 91' lang='lat' dir='ltr'>doleo,</span> <span class='ocrx_word' id='word_1_43' title='bbox 1025 541 1146 581; x_wconf 86' lang='lat' dir='ltr'>credo</span> <span class='ocrx_word' id='word_1_44' title='bbox 1182 548 1322 595; x_wconf 78' lang='lat' dir='ltr'>tamen</span> <span class='ocrx_word' id='word_1_45' title='bbox 1359 543 1536 584; x_wconf 76' lang='lat' dir='ltr'>Cratero.</span> 
     </span>
     <span class='ocr_line' id='line_1_7' title="bbox 335 611 1471 665; baseline 0.006 -17"><span class='ocrx_word' id='word_1_46' title='bbox 335 612 473 650; x_wconf 81' lang='lat' dir='ltr'>Piliam</span> <span class='ocrx_word' id='word_1_47' title='bbox 493 615 587 663; x_wconf 89' lang='lat' dir='ltr'>angi</span> <span class='ocrx_word' id='word_1_48' title='bbox 609 618 710 651; x_wconf 84' lang='lat' dir='ltr'>veta.</span> <span class='ocrx_word' id='word_1_49' title='bbox 770 611 877 651; x_wconf 88' lang='lat' dir='ltr'>Satis</span> <span class='ocrx_word' id='word_1_50' title='bbox 897 617 960 652; x_wconf 88' lang='lat' dir='ltr'>est</span> <span class='ocrx_word' id='word_1_51' title='bbox 978 626 1160 652; x_wconf 81' lang='lat' dir='ltr'>maerere</span> <span class='ocrx_word' id='word_1_52' title='bbox 1179 627 1253 665; x_wconf 89' lang='lat' dir='ltr'>pro</span> <span class='ocrx_word' id='word_1_53' title='bbox 1271 615 1471 655; x_wconf 73' lang='lat' dir='ltr'>omnibus.</span> 
     </span>
    </p>
   </div>
   <div class='ocr_carea' id='block_1_3' title="bbox 898 761 976 801">
    <p class='ocr_par' dir='ltr' id='par_1_3' title="bbox 898 761 976 801">
     <span class='ocr_line' id='line_1_8' title="bbox 898 761 976 801; baseline -0.013 0"><span class='ocrx_word' id='word_1_54' title='bbox 898 761 976 801; x_wconf 91' lang='lat' dir='ltr'>XV</span> 
     </span>
    </p>
   </div>
   <div class='ocr_carea' id='block_1_4' title="bbox 729 855 1147 882">
    <p class='ocr_par' dir='ltr' id='par_1_4' title="bbox 729 855 1147 882">
     <span class='ocr_line' id='line_1_9' title="bbox 729 855 1147 882; baseline 0.005 -2"><span class='ocrx_word' id='word_1_55' title='bbox 729 855 869 881; x_wconf 75' lang='lat' dir='ltr'>CICERO</span> <span class='ocrx_word' id='word_1_56' title='bbox 900 855 1040 881; x_wconf 75' lang='lat' dir='ltr'>A&#39;l&#39;l‘lco</span> <span class='ocrx_word' id='word_1_57' title='bbox 1068 856 1147 882; x_wconf 70' lang='lat' dir='ltr'>sn..</span> 
     </span>
    </p>
   </div>
   <div class='ocr_carea' id='block_1_5' title="bbox 49 921 1540 976">
    <p class='ocr_par' dir='ltr' id='par_1_5' title="bbox 49 921 1540 976">
     <span class='ocr_line' id='line_1_10' title="bbox 49 921 1540 976; baseline 0.003 -16"><span class='ocrx_word' id='word_1_58' title='bbox 49 923 126 961; x_wconf 75' lang='lat' dir='ltr'>Ser.</span> <span class='ocrx_word' id='word_1_59' title='bbox 155 922 317 960; x_wconf 78' lang='lat' dir='ltr'>Asturae</span> <span class='ocrx_word' id='word_1_60' title='bbox 387 922 510 974; x_wconf 87' lang='lat' dir='ltr'><strong>Apud</strong></span> <span class='ocrx_word' id='word_1_61' title='bbox 551 921 816 974; x_wconf 90' lang='lat' dir='ltr'>Appuleium,</span> <span class='ocrx_word' id='word_1_62' title='bbox 853 925 1044 974; x_wconf 85' lang='lat' dir='ltr'>quoniam</span> <span class='ocrx_word' id='word_1_63' title='bbox 1084 925 1129 961; x_wconf 87' lang='lat' dir='ltr'>in</span> <span class='ocrx_word' id='word_1_64' title='bbox 1170 929 1415 976; x_wconf 89' lang='lat' dir='ltr'>perpetuum</span> <span class='ocrx_word' id='word_1_65' title='bbox 1457 939 1540 965; x_wconf 87' lang='lat' dir='ltr'>non</span> 
     </span>
    </p>
   </div>
   <div class='ocr_carea' id='block_1_6' title="bbox 52 976 315 1071">
    <p class='ocr_par' dir='ltr' id='par_1_6' title="bbox 52 976 315 1071">
     <span class='ocr_line' id='line_1_11' title="bbox 56 976 212 1015; baseline 0.006 -2"><span class='ocrx_word' id='word_1_66' title='bbox 56 976 140 1015; x_wconf 92' lang='lat' dir='ltr'>VII</span> <span class='ocrx_word' id='word_1_67' title='bbox 154 976 212 1014; x_wconf 87' lang='lat' dir='ltr'>Id.</span> 
     </span>
     <span class='ocr_line' id='line_1_12' title="bbox 52 1030 315 1071; baseline 0.008 -4"><span class='ocrx_word' id='word_1_68' title='bbox 52 1030 166 1068; x_wconf 76' lang='grc' dir='ltr'><em>Μανί.</em></span> <span class='ocrx_word' id='word_1_69' title='bbox 183 1045 218 1069; x_wconf 85' lang='lat' dir='ltr'>a.</span> <span class='ocrx_word' id='word_1_70' title='bbox 239 1032 315 1071; x_wconf 79' lang='lat'>709</span> 
     </span>
    </p>
   </div>
   <div class='ocr_carea' id='block_1_7' title="bbox 329 993 1542 1609">
    <p class='ocr_par' dir='ltr' id='par_1_7' title="bbox 329 993 1542 1609">
     <span class='ocr_line' id='line_1_13' title="bbox 331 993 1540 1045; baseline 0.004 -14"><span class='ocrx_word' id='word_1_71' title='bbox 331 994 479 1045; x_wconf 86' lang='lat' dir='ltr'>placet,</span> <span class='ocrx_word' id='word_1_72' title='bbox 499 995 543 1031; x_wconf 88' lang='lat' dir='ltr'>in</span> <span class='ocrx_word' id='word_1_73' title='bbox 563 993 650 1032; x_wconf 84' lang='lat' dir='ltr'>dies</span> <span class='ocrx_word' id='word_1_74' title='bbox 668 998 717 1031; x_wconf 93' lang='lat' dir='ltr'>ut</span> <span class='ocrx_word' id='word_1_75' title='bbox 736 1006 916 1041; x_wconf 87' lang='lat' dir='ltr'>excuser,</span> <span class='ocrx_word' id='word_1_76' title='bbox 936 993 1102 1032; x_wconf 89' lang='lat' dir='ltr'>videbis.</span> <span class='ocrx_word' id='word_1_77' title='bbox 1159 993 1207 1032; x_wconf 88' lang='lat' dir='ltr'>In</span> <span class='ocrx_word' id='word_1_78' title='bbox 1225 994 1301 1033; x_wconf 82' lang='lat' dir='ltr'>hac</span> <span class='ocrx_word' id='word_1_79' title='bbox 1320 995 1540 1036; x_wconf 81' lang='lat' dir='ltr'>solitudine</span> 
     </span>
     <span class='ocr_line' id='line_1_14' title="bbox 331 1064 1539 1116; baseline 0.003 -13"><span class='ocrx_word' id='word_1_80' title='bbox 331 1078 449 1103; x_wconf 87' lang='lat' dir='ltr'>careo</span> <span class='ocrx_word' id='word_1_81' title='bbox 476 1067 656 1102; x_wconf 90' lang='lat' dir='ltr'>omnium</span> <span class='ocrx_word' id='word_1_82' title='bbox 685 1064 897 1116; x_wconf 88' lang='lat' dir='ltr'>colloquio,</span> <span class='ocrx_word' id='word_1_83' title='bbox 918 1078 1091 1116; x_wconf 88' lang='lat' dir='ltr'>cumque</span> <span class='ocrx_word' id='word_1_84' title='bbox 1111 1078 1231 1104; x_wconf 83' lang='lat' dir='ltr'>mane</span> <span class='ocrx_word' id='word_1_85' title='bbox 1250 1079 1317 1105; x_wconf 90' lang='lat' dir='ltr'>me</span> <span class='ocrx_word' id='word_1_86' title='bbox 1335 1069 1377 1105; x_wconf 89' lang='lat' dir='ltr'>in</span> <span class='ocrx_word' id='word_1_87' title='bbox 1398 1068 1539 1107; x_wconf 86' lang='lat' dir='ltr'>silvam</span> 
     </span>
     <span class='ocr_line' id='line_1_15' title="bbox 329 1135 1541 1186; baseline 0.003 -12"><span class='ocrx_word' id='word_1_88' title='bbox 329 1136 502 1174; x_wconf 89' lang='lat' dir='ltr'>abstrusi</span> <span class='ocrx_word' id='word_1_89' title='bbox 539 1135 708 1173; x_wconf 90' lang='lat' dir='ltr'>densam</span> <span class='ocrx_word' id='word_1_90' title='bbox 747 1140 790 1173; x_wconf 90' lang='lat' dir='ltr'>et</span> <span class='ocrx_word' id='word_1_91' title='bbox 826 1148 1023 1186; x_wconf 85' lang='lat' dir='ltr'>asperam,</span> <span class='ocrx_word' id='word_1_92' title='bbox 1058 1149 1141 1174; x_wconf 89' lang='lat' dir='ltr'>non</span> <span class='ocrx_word' id='word_1_93' title='bbox 1174 1149 1276 1175; x_wconf 86' lang='lat' dir='ltr'>exeo</span> <span class='ocrx_word' id='word_1_94' title='bbox 1309 1137 1406 1177; x_wconf 91' lang='lat' dir='ltr'>inde</span> <span class='ocrx_word' id='word_1_95' title='bbox 1444 1143 1541 1179; x_wconf 80' lang='lat' dir='ltr'>ante</span> 
     </span>
     <span class='ocr_line' id='line_1_16' title="bbox 330 1205 1542 1258; baseline 0.003 -13"><span class='ocrx_word' id='word_1_96' title='bbox 330 1220 555 1258; x_wconf 89' lang='lat' dir='ltr'>vesperum.</span> <span class='ocrx_word' id='word_1_97' title='bbox 614 1205 848 1245; x_wconf 89' lang='lat' dir='ltr'>Secundum</span> <span class='ocrx_word' id='word_1_98' title='bbox 867 1211 912 1244; x_wconf 91' lang='lat' dir='ltr'>te</span> <span class='ocrx_word' id='word_1_99' title='bbox 931 1205 1034 1244; x_wconf 86' lang='lat' dir='ltr'>nihil</span> <span class='ocrx_word' id='word_1_100' title='bbox 1055 1211 1119 1245; x_wconf 90' lang='lat' dir='ltr'>est</span> <span class='ocrx_word' id='word_1_101' title='bbox 1136 1206 1236 1245; x_wconf 88' lang='lat' dir='ltr'>mihi</span> <span class='ocrx_word' id='word_1_102' title='bbox 1261 1211 1428 1247; x_wconf 83' lang='lat' dir='ltr'>amicius</span> <span class='ocrx_word' id='word_1_103' title='bbox 1449 1209 1542 1248; x_wconf 88' lang='lat' dir='ltr'>soli-</span> 
     </span>
     <span class='ocr_line' id='line_1_17' title="bbox 330 1276 1539 1319; baseline 0.002 -3"><span class='ocrx_word' id='word_1_104' title='bbox 330 1278 485 1317; x_wconf 83' lang='lat' dir='ltr'>tudine.</span> <span class='ocrx_word' id='word_1_105' title='bbox 546 1277 596 1315; x_wconf 91' lang='lat' dir='ltr'>In</span> <span class='ocrx_word' id='word_1_106' title='bbox 626 1290 675 1316; x_wconf 89' lang='lat' dir='ltr'>ea</span> <span class='ocrx_word' id='word_1_107' title='bbox 704 1276 804 1314; x_wconf 87' lang='lat' dir='ltr'>mihi</span> <span class='ocrx_word' id='word_1_108' title='bbox 834 1279 966 1315; x_wconf 89' lang='lat' dir='ltr'>omnis</span> <span class='ocrx_word' id='word_1_109' title='bbox 996 1289 1128 1315; x_wconf 89' lang='lat' dir='ltr'>sermo</span> <span class='ocrx_word' id='word_1_110' title='bbox 1159 1282 1223 1316; x_wconf 91' lang='lat' dir='ltr'>est</span> <span class='ocrx_word' id='word_1_111' title='bbox 1252 1291 1346 1316; x_wconf 91' lang='lat' dir='ltr'>cum</span> <span class='ocrx_word' id='word_1_112' title='bbox 1378 1278 1539 1319; x_wconf 87' lang='lat' dir='ltr'>litteris.</span> 
     </span>
     <span class='ocr_line' id='line_1_18' title="bbox 332 1347 1539 1402; baseline 0.002 -15"><span class='ocrx_word' id='word_1_113' title='bbox 332 1349 435 1387; x_wconf 92' lang='lat' dir='ltr'>Eum</span> <span class='ocrx_word' id='word_1_114' title='bbox 464 1354 605 1387; x_wconf 82' lang='lat' dir='ltr'>tamen</span> <span class='ocrx_word' id='word_1_115' title='bbox 637 1347 877 1398; x_wconf 75' lang='lat' dir='ltr'>interpellat</span> <span class='ocrx_word' id='word_1_116' title='bbox 908 1347 1050 1393; x_wconf 83' lang='lat' dir='ltr'>fletus3</span> <span class='ocrx_word' id='word_1_117' title='bbox 1089 1350 1154 1386; x_wconf 92' lang='lat' dir='ltr'>cui</span> <span class='ocrx_word' id='word_1_118' title='bbox 1181 1361 1379 1400; x_wconf 85' lang='lat' dir='ltr'>repugno,</span> <span class='ocrx_word' id='word_1_119' title='bbox 1408 1351 1539 1402; x_wconf 82' lang='lat' dir='ltr'>quoad</span> 
     </span>
     <span class='ocr_line' id='line_1_19' title="bbox 330 1418 1542 1471; baseline 0.002 -13"><span class='ocrx_word' id='word_1_120' title='bbox 330 1433 507 1471; x_wconf 89' lang='lat' dir='ltr'>possum,</span> <span class='ocrx_word' id='word_1_121' title='bbox 544 1419 616 1457; x_wconf 88' lang='lat' dir='ltr'>sed</span> <span class='ocrx_word' id='word_1_122' title='bbox 654 1418 788 1457; x_wconf 90' lang='lat' dir='ltr'>adhuc</span> <span class='ocrx_word' id='word_1_123' title='bbox 827 1431 943 1469; x_wconf 88' lang='lat' dir='ltr'>pares</span> <span class='ocrx_word' id='word_1_124' title='bbox 981 1432 1063 1456; x_wconf 90' lang='lat' dir='ltr'>non</span> <span class='ocrx_word' id='word_1_125' title='bbox 1101 1432 1251 1458; x_wconf 89' lang='lat' dir='ltr'>sumus.</span> <span class='ocrx_word' id='word_1_126' title='bbox 1318 1420 1458 1469; x_wconf 85' lang='lat' dir='ltr'>Bruto,</span> <span class='ocrx_word' id='word_1_127' title='bbox 1497 1427 1542 1460; x_wconf 87' lang='lat' dir='ltr'>ut</span> 
     </span>
     <span class='ocr_line' id='line_1_20' title="bbox 332 1489 1542 1537; baseline 0.002 -8"><span class='ocrx_word' id='word_1_128' title='bbox 332 1491 491 1537; x_wconf 85' lang='lat' dir='ltr'>suades,</span> <span class='ocrx_word' id='word_1_129' title='bbox 510 1490 740 1529; x_wconf 87' lang='lat' dir='ltr'>rescribam.</span> <span class='ocrx_word' id='word_1_130' title='bbox 799 1489 877 1527; x_wconf 89' lang='lat' dir='ltr'>Eas</span> <span class='ocrx_word' id='word_1_131' title='bbox 902 1489 1061 1528; x_wconf 81' lang='lat' dir='ltr'>litteras</span> <span class='ocrx_word' id='word_1_132' title='bbox 1090 1503 1175 1528; x_wconf 87' lang='lat' dir='ltr'>cras</span> <span class='ocrx_word' id='word_1_133' title='bbox 1203 1490 1383 1530; x_wconf 89' lang='lat' dir='ltr'>habebis.</span> <span class='ocrx_word' id='word_1_134' title='bbox 1441 1492 1542 1532; x_wconf 90' lang='lat' dir='ltr'>Cum</span> 
     </span>
     <span class='ocr_line' id='line_1_21' title="bbox 332 1560 758 1609; baseline 0 -10"><span class='ocrx_word' id='word_1_135' title='bbox 332 1564 424 1609; x_wconf 83' lang='lat' dir='ltr'>erit,</span> <span class='ocrx_word' id='word_1_136' title='bbox 444 1564 506 1599; x_wconf 87' lang='lat' dir='ltr'>cui</span> <span class='ocrx_word' id='word_1_137' title='bbox 528 1561 613 1608; x_wconf 88' lang='lat' dir='ltr'>des,</span> <span class='ocrx_word' id='word_1_138' title='bbox 633 1560 758 1599; x_wconf 85' lang='lat' dir='ltr'>dabis.</span> 
     </span>
    </p>
   </div>
   <div class='ocr_carea' id='block_1_8' title="bbox 887 1656 985 1695">
    <p class='ocr_par' dir='ltr' id='par_1_8' title="bbox 887 1656 985 1695">
     <span class='ocr_line' id='line_1_22' title="bbox 887 1656 985 1695; baseline 0 0"><span class='ocrx_word' id='word_1_139' title='bbox 887 1656 985 1695; x_wconf 91' lang='lat' dir='ltr'>XVI</span> 
     </span>
    </p>
   </div>
   <div class='ocr_carea' id='block_1_9' title="bbox 730 1749 1146 1776">
    <p class='ocr_par' dir='ltr' id='par_1_9' title="bbox 730 1749 1146 1776">
     <span class='ocr_line' id='line_1_23' title="bbox 730 1749 1146 1776; baseline 0.005 -2"><span class='ocrx_word' id='word_1_140' title='bbox 730 1749 869 1774; x_wconf 78' lang='lat' dir='ltr'>CICERO</span> <span class='ocrx_word' id='word_1_141' title='bbox 899 1749 1040 1774; x_wconf 79' lang='lat' dir='ltr'>ATTICO</span> <span class='ocrx_word' id='word_1_142' title='bbox 1068 1750 1146 1776; x_wconf 69' lang='lat' dir='ltr'>SAL.</span> 
     </span>
    </p>
   </div>
   <div class='ocr_carea' id='block_1_10' title="bbox 44 1815 1541 1938">
    <p class='ocr_par' dir='ltr' id='par_1_10' title="bbox 44 1815 1541 1938">
     <span class='ocr_line' id='line_1_24' title="bbox 44 1815 1541 1871; baseline 0.003 -18"><span class='ocrx_word' id='word_1_143' title='bbox 44 1820 123 1858; x_wconf 72' lang='lat' dir='ltr'>Sor,</span> <span class='ocrx_word' id='word_1_144' title='bbox 155 1820 315 1858; x_wconf 66' lang='lat' dir='ltr'>Asturae</span> <span class='ocrx_word' id='word_1_145' title='bbox 386 1817 445 1854; x_wconf 89' lang='lat' dir='ltr'>Te</span> <span class='ocrx_word' id='word_1_146' title='bbox 475 1818 556 1854; x_wconf 89' lang='lat' dir='ltr'>tuis</span> <span class='ocrx_word' id='word_1_147' title='bbox 588 1818 764 1866; x_wconf 89' lang='lat' dir='ltr'>negotiis</span> <span class='ocrx_word' id='word_1_148' title='bbox 796 1816 948 1854; x_wconf 89' lang='lat' dir='ltr'>relictis</span> <span class='ocrx_word' id='word_1_149' title='bbox 979 1815 1074 1854; x_wconf 91' lang='lat' dir='ltr'>nolo</span> <span class='ocrx_word' id='word_1_150' title='bbox 1103 1816 1155 1855; x_wconf 89' lang='lat' dir='ltr'>ad</span> <span class='ocrx_word' id='word_1_151' title='bbox 1184 1829 1251 1856; x_wconf 90' lang='lat' dir='ltr'>me</span> <span class='ocrx_word' id='word_1_152' title='bbox 1281 1821 1433 1866; x_wconf 88' lang='lat' dir='ltr'>venire,</span> <span class='ocrx_word' id='word_1_153' title='bbox 1463 1832 1541 1871; x_wconf 76' lang='lat' dir='ltr'>ego</span> 
     </span>
     <span class='ocr_line' id='line_1_25' title="bbox 52 1874 1541 1938; baseline 0.003 -14"><span class='ocrx_word' id='word_1_154' title='bbox 52 1874 87 1911; x_wconf 83' lang='lat' dir='ltr'><em>V</em></span> <span class='ocrx_word' id='word_1_155' title='bbox 86 1875 110 1912; x_wconf 82' lang='grc' dir='ltr'><em>Ῑ</em></span> <span class='ocrx_word' id='word_1_156' title='bbox 120 1875 177 1914; x_wconf 75' lang='lat' dir='ltr'>Id·</span> <span class='ocrx_word' id='word_1_157' title='bbox 194 1874 311 1912; x_wconf 61' lang='lat' dir='ltr'><strong><em>Mart·</em></strong></span> <span class='ocrx_word' id='word_1_158' title='bbox 332 1889 466 1937; x_wconf 87' lang='lat' dir='ltr'>potius</span> <span class='ocrx_word' id='word_1_159' title='bbox 493 1887 697 1934; x_wconf 88' lang='lat' dir='ltr'>accedam,</span> <span class='ocrx_word' id='word_1_160' title='bbox 725 1889 758 1925; x_wconf 92' lang='lat' dir='ltr'>si</span> <span class='ocrx_word' id='word_1_161' title='bbox 785 1887 938 1925; x_wconf 90' lang='lat' dir='ltr'>diutius</span> <span class='ocrx_word' id='word_1_162' title='bbox 967 1887 1203 1938; x_wconf 89' lang='lat' dir='ltr'>impediere.</span> <span class='ocrx_word' id='word_1_163' title='bbox 1262 1888 1351 1927; x_wconf 90' lang='lat' dir='ltr'>Etsi</span> <span class='ocrx_word' id='word_1_164' title='bbox 1379 1902 1432 1927; x_wconf 88' lang='lat' dir='ltr'>ne</span> <span class='ocrx_word' id='word_1_165' title='bbox 1460 1889 1541 1928; x_wconf 86' lang='lat' dir='ltr'>dis·</span> 
     </span>
    </p>
   </div>
   <div class='ocr_carea' id='block_1_11' title="bbox 44 1930 182 1968">
    <p class='ocr_par' dir='ltr' id='par_1_11' title="bbox 44 1930 182 1968">
     <span class='ocr_line' id='line_1_26' title="bbox 44 1930 182 1968; baseline 0.014 -2"><span class='ocrx_word' id='word_1_166' title='bbox 44 1942 79 1967; x_wconf 88' lang='grc' dir='ltr'>α.</span> <span class='ocrx_word' id='word_1_167' title='bbox 105 1930 182 1968; x_wconf 85' lang='grc'>709</span> 
     </span>
    </p>
   </div>
   <div class='ocr_carea' id='block_1_12' title="bbox 331 1957 1540 2080">
    <p class='ocr_par' dir='ltr' id='par_1_12' title="bbox 331 1957 1540 2080">
     <span class='ocr_line' id='line_1_27' title="bbox 331 1957 1540 2010; baseline 0.002 -14"><span class='ocrx_word' id='word_1_168' title='bbox 331 1960 539 1996; x_wconf 89' lang='lat' dir='ltr'>cessissem</span> <span class='ocrx_word' id='word_1_169' title='bbox 560 1957 725 2009; x_wconf 87' lang='lat' dir='ltr'>quidem</span> <span class='ocrx_word' id='word_1_170' title='bbox 742 1971 764 1996; x_wconf 87' lang='lat' dir='ltr'>e</span> <span class='ocrx_word' id='word_1_171' title='bbox 781 1963 999 2008; x_wconf 86' lang='lat' dir='ltr'>conspeetu</span> <span class='ocrx_word' id='word_1_172' title='bbox 1015 1963 1100 2004; x_wconf 88' lang='lat' dir='ltr'>tuo,</span> <span class='ocrx_word' id='word_1_173' title='bbox 1116 1961 1192 1996; x_wconf 86' lang='lat' dir='ltr'>nisi</span> <span class='ocrx_word' id='word_1_174' title='bbox 1212 1972 1278 1998; x_wconf 91' lang='lat' dir='ltr'>me</span> <span class='ocrx_word' id='word_1_175' title='bbox 1298 1959 1419 2010; x_wconf 85' lang='lat' dir='ltr'>plane</span> <span class='ocrx_word' id='word_1_176' title='bbox 1439 1959 1540 1999; x_wconf 89' lang='lat' dir='ltr'>nihil</span> 
     </span>
     <span class='ocr_line' id='line_1_28' title="bbox 332 2028 1540 2080; baseline 0.003 -14"><span class='ocrx_word' id='word_1_177' title='bbox 332 2028 413 2066; x_wconf 91' lang='lat' dir='ltr'>ulla</span> <span class='ocrx_word' id='word_1_178' title='bbox 434 2042 495 2067; x_wconf 92' lang='lat' dir='ltr'>res</span> <span class='ocrx_word' id='word_1_179' title='bbox 515 2029 734 2067; x_wconf 85' lang='lat' dir='ltr'>adiuvaret.</span> <span class='ocrx_word' id='word_1_180' title='bbox 794 2028 948 2076; x_wconf 84' lang='lat' dir='ltr'>Quodsi</span> <span class='ocrx_word' id='word_1_181' title='bbox 970 2034 1078 2067; x_wconf 85' lang='lat' dir='ltr'>esset</span> <span class='ocrx_word' id='word_1_182' title='bbox 1098 2029 1260 2080; x_wconf 83' lang='lat' dir='ltr'>aliquod</span> <span class='ocrx_word' id='word_1_183' title='bbox 1281 2030 1479 2078; x_wconf 83' lang='lat' dir='ltr'>levamen,</span> <span class='ocrx_word' id='word_1_184' title='bbox 1498 2031 1540 2070; x_wconf 91' lang='lat' dir='ltr'>id</span> 
     </span>
    </p>
   </div>
   <div class='ocr_carea' id='block_1_13' title="bbox 330 2155 382 2189">
    <p class='ocr_par' dir='ltr' id='par_1_13' title="bbox 330 2155 382 2189">
     <span class='ocr_line' id='line_1_29' title="bbox 330 2155 382 2189; baseline 0 0"><span class='ocrx_word' id='word_1_185' title='bbox 330 2155 382 2189; x_wconf 82' lang='lat'>30</span> 
     </span>
    </p>
   </div>
  </div>
 </body>
</html>
