1572 2378
595 179 820 218 MARCUS
859 179 1104 220 TULLIUS
1143 181 1344 221 CICERO

363 267 456 306 dem
489 267 591 305 nihil
625 270 701 306 nisi
735 268 791 315 id,
823 267 932 319 quod
966 273 1011 306 tu
1050 272 1139 316 scis,
1172 269 1280 321 quod
1319 283 1397 322 ego
1432 278 1567 324 magni

362 336 541 371 aestimo.

415 398 535 447 Quod
567 412 634 437 me
666 399 717 436 ad
750 412 882 437 meam
914 399 1253 439 consuetudinem
1284 414 1460 450 revocas,
1489 402 1569 441 fuit

361 477 497 502 meum
516 464 681 516 quidem
697 467 775 501 iam
792 464 950 515 pridem
966 478 1052 502 rem
1067 465 1271 516 publicam
1292 466 1446 517 lugere,
1460 468 1567 520 quod

361 529 571 577 faciebam,
595 529 669 568 sed
694 532 857 575 mitius;
887 535 976 568 erat
1004 533 1129 578 enim,
1157 532 1226 569 ubi
1255 535 1565 583 acquiescerem.

361 595 480 633 Nunc
507 595 628 646 plane
657 609 734 634 nec
762 609 840 646 ego
868 598 1021 634 victum
1045 609 1123 635 nec
1149 599 1274 635 vitam
1299 597 1410 636 illam
1435 598 1567 638 colere

359 674 534 712 possum,
553 675 630 700 nec
649 664 691 698 in
715 675 763 699 ea
785 674 844 709 re,
866 661 965 713 quid
993 661 1081 700 aliis
1110 662 1307 710 videatur,
1337 663 1438 702 mihi
1465 669 1566 717 puto

358 727 604 773 curandum3
650 740 741 766 mea
778 727 879 765 mihi
912 730 1162 766 conscientia
1193 728 1319 780 pluris
1351 734 1415 768 est
1445 743 1566 784 quam

357 796 537 831 omnium
551 806 695 832 sermo.
744 793 866 840 Quod
879 806 947 831 me
961 796 1047 844 ipse
1067 806 1141 845 per
1159 793 1318 834 litteras
1337 796 1566 838 consolatus

356 873 456 906 sum,
477 873 559 897 non
578 861 764 910 paenitet
782 872 862 906 me,
882 865 1081 910 quantum
1100 859 1352 910 profecerim.
1407 863 1564 902 Maem-

356 935 441 960 rem
460 924 601 969 minui,
620 922 802 960 dolorem
821 935 899 960 nec
917 925 1032 973 potui
1051 935 1141 970 nec,
1162 925 1194 960 si
1214 937 1387 974 possem,
1402 925 1562 966 vellem.

409 987 472 1026 De
501 987 655 1026 Triario
682 988 789 1026 bene
817 990 1100 1038 interpretaris
1134 988 1388 1028 voluntatem
1416 1004 1560 1031 meam.

354 1054 388 1090 T
389 1067 413 1092 u
443 1067 538 1092 vero
566 1053 682 1100 nihil,
711 1056 788 1092 nisi
815 1058 863 1092 ut
889 1053 949 1091 illi
976 1053 1127 1092 volent.
1186 1054 1293 1092 Amo
1318 1054 1433 1095 illum
1457 1070 1562 1097 mor-

354 1125 483 1167 tuum,
510 1124 624 1158 tutor
651 1132 739 1157 sum
767 1118 919 1166 liberis,
946 1124 1077 1157 totam
1105 1119 1272 1158 domum
1300 1120 1439 1173 diligo.
1498 1123 1563 1164 De

354 1184 598 1223 Castriciano
623 1187 803 1235 negotio,
823 1186 856 1222 si
876 1184 1092 1223 Castricius
1114 1198 1188 1236 pro
1207 1189 1418 1238 mancipiis
1437 1201 1562 1240 pecu-

353 1252 459 1288 niam
486 1253 670 1301 accipere
690 1250 801 1288 volet
821 1263 992 1301 eamque
1012 1250 1096 1288 ita1
1116 1250 1230 1299 solvi,
1249 1256 1297 1290 ut
1314 1265 1424 1291 nunc
1443 1254 1560 1294 solvi-

354 1322 433 1365 tur,
452 1322 564 1355 certe
585 1315 687 1353 nihil
707 1321 771 1354 est
790 1315 1050 1354 commodius.
1100 1315 1172 1355 Sin
1190 1321 1328 1355 autem
1348 1319 1406 1357 ita
1423 1324 1560 1359 actum

351 1387 429 1430 est,
455 1387 504 1421 ut
532 1385 620 1432 ipsa
650 1383 850 1431 mancipia
882 1381 1119 1428 abduceret,
1151 1395 1234 1420 non
1266 1382 1366 1421 mihi
1398 1384 1560 1425 videtur

351 1462 439 1488 esse
466 1461 641 1499 aequum
673 1450 806 1498 (rogas
835 1450 945 1485 enim
974 1460 1053 1494 me,
1079 1452 1126 1486 ut
1151 1448 1227 1486 tibi
1252 1450 1436 1497 scribam,
1460 1452 1556 1503 quid

350 1515 448 1552 mihi
469 1513 695 1562 videatur);
723 1512 818 1550 nolo
837 1515 947 1551 enim
974 1515 1130 1564 negotii
1159 1512 1361 1561 Quintum
1389 1515 1555 1556 fratrem

349 1583 563 1633 quicquam
582 1578 756 1623 habere3
785 1577 895 1630 quod
920 1578 1060 1616 videor
1084 1578 1184 1616 mihi
1209 1579 1461 1620 intellexisse
1480 1583 1554 1622 tibi

349 1646 476 1685 videri
508 1645 627 1684 idem.
691 1643 898 1691 Publilius,
929 1646 962 1683 si
995 1647 1298 1696 aequinoctium
1330 1653 1554 1699 exspectat,

348 1718 394 1751 ut
412 1713 552 1751 scribis
572 1710 764 1748 Aledium
783 1709 933 1756 dicere,
949 1712 1209 1760 navigaturus
1229 1710 1400 1750 videtur.
1450 1712 1554 1752 Mihi

346 1783 483 1817 autem
503 1777 662 1815 dixerat
680 1789 754 1826 per
772 1775 960 1814 Siciliam.
1011 1775 1159 1814 Utrum
1180 1781 1224 1814 et
1241 1776 1418 1827 quando,
1431 1777 1554 1817 velim

346 1847 458 1882 scire.
517 1843 572 1880 Et
599 1841 720 1879 velim
749 1840 977 1892 aliquando,
1005 1855 1096 1878 cum
1126 1844 1204 1879 erit
1232 1847 1349 1880 tuum
1377 1855 1552 1882 commo-

345 1909 456 1955 dum,
492 1906 712 1946 Lentulum
750 1919 920 1957 puerum
958 1909 1059 1944 visas
1092 1909 1211 1958 eique
1243 1907 1296 1945 de
1328 1911 1552 1961 mancipiis,

345 1987 447 2026 quac
465 1974 537 2010 tibi
553 1971 768 2017 videbitur,
781 1971 988 2008 attribuas.
1036 1970 1172 2018 Piliae,
1187 1971 1349 2011 Atticae
1363 1973 1548 2014 salutem.

715 2101 727 2123 ¹
751 2103 802 2134 ita
825 2102 961 2146 Tyrrdl
981 2114 988 2136 z
1015 2102 1047 2136 oi
1068 2102 1170 2139 MSS.

344 2165 397 2205 60
