1572 2378
549 147 776 187 MARCUS
815 146 1061 186 TULLIUS
1101 144 1302 183 CICERO

318 241 452 289 putes,
475 249 553 275 nec
582 237 790 274 existimes
818 247 900 282 eos,
929 236 999 286 qui
1027 246 1110 271 non
1137 232 1278 272 debita
1305 234 1528 271 consectari

318 299 490 347 soleant,
509 298 618 351 quod
637 298 849 345 debeatur,
869 299 1115 336 remissuros.
1175 295 1242 334 De
1271 294 1340 334 die
1366 299 1528 334 tantum

319 363 458 402 videto
478 368 522 402 et
539 363 583 401 id
601 365 734 414 ipsum
754 363 860 400 bono
878 360 1011 399 modo.

858 533 998 572 XXIV

719 626 859 652 CICERO
888 626 1030 652 ATTICO
1059 625 1137 652 sn..

41 697 122 736 Scr.
146 697 185 735 in
215 696 311 735 Tus·
379 693 490 742 Quid
512 697 589 740 est,
612 693 722 745 quod
751 693 1038 744 Hermogenes
1061 692 1162 731 mihi
1185 692 1348 731 Clodius
1374 691 1531 731 Andro-

41 751 174 790 cularw
198 751 235 790 V
251 751 487 796 I‘Lmenem
518 759 593 796 sibi
625 756 774 794 dixisse
799 768 844 794 se
870 756 1108 794 Ciceronem
1133 755 1282 794 vidisse
1307 755 1530 810 Corcyrae?

43 805 167 850 Quint·
182 819 216 844 a·
235 806 311 845 709
325 820 413 871 Ego
433 823 543 859 enim
561 820 701 858 audita
718 820 795 857 tibi
814 825 1012 870 putaram.
1069 818 1138 856 Nil
1162 821 1287 870 igitur
1309 834 1363 860 ne
1386 822 1425 859 ei
1443 821 1532 872 qui—

323 884 419 922 dem
451 883 708 922 litterarum?
768 881 833 920 An
864 895 948 920 non
977 881 1108 920 vidit?
1176 881 1316 922 Facies
1346 896 1445 935 ergo
1485 887 1534 921 ut

322 960 457 986 sciam.

378 1009 488 1057 Quid
518 1010 595 1048 tibi
626 1022 703 1060 ego
732 1008 786 1046 de
819 1008 997 1046 Varrone
1028 1008 1274 1046 rescribam?
1330 1007 1534 1056 Quattuor

323 1073 496 1124 διφθέραι
517 1077 613 1111 sunt
635 1074 678 1109 in
701 1077 772 1110 tua
794 1075 1011 1122 potestate.
1070 1068 1192 1117 Quod
1211 1073 1356 1121 egeris,
1376 1070 1420 1109 id
1442 1083 1533 1122 pro-

323 1135 437 1174 babo.
497 1135 583 1172 Nec
613 1139 753 1172 tamen
784 1137 809 1155 ‘⁴
824 1133 992 1183 αἰδέομαι
1025 1131 1190 1183 Τρῶας.”
1249 1132 1361 1180 Quid
1394 1133 1534 1171 enim?

323 1196 420 1244 Sed,
449 1199 525 1248 ipsi
559 1210 681 1248 quam
713 1209 778 1234 res
808 1195 878 1233 illa
907 1195 1161 1246 probaretur,
1191 1197 1320 1246 magis
1351 1195 1531 1234 verebar.

323 1259 418 1306 Sed,
438 1262 628 1311 quoniam
646 1264 693 1298 tu
713 1261 894 1310 suscipis,
914 1260 957 1296 in
976 1257 1146 1296 alteram
1164 1270 1314 1297 aurem.

379 1322 443 1360 De
471 1324 704 1361 retentione
732 1323 918 1372 rescripsi
947 1320 997 1358 ad
1027 1325 1118 1358 tuas
1147 1325 1336 1359 accurate
1365 1323 1534 1372 scriptas

323 1385 491 1424 litteras.
550 1385 746 1422 Conficies
764 1386 903 1434 igitur,
922 1388 966 1421 et
985 1382 1151 1434 quidem
1169 1385 1258 1421 sine
1277 1382 1360 1420 ulla
1378 1382 1535 1422 dubita·

323 1451 435 1486 tione
454 1452 526 1486 aut
544 1449 847 1486 retrectatione.
907 1446 1000 1484 Hoc
1020 1445 1106 1483 fieri
1126 1449 1170 1484 et
1188 1450 1352 1496 oportet
1371 1450 1416 1484 et
1433 1457 1534 1497 opus

324 1515 398 1548 est.

874 1613 993 1651 XXV

722 1705 862 1732 CICERO
891 1704 1032 1730 ATTICO
1061 1704 1139 1731 SAL.

44 1770 123 1807 Scr.
150 1770 189 1806 in
217 1768 311 1807 Tus·
382 1774 446 1811 De
474 1772 754 1820 Andromene,
782 1777 830 1811 ut
859 1772 1011 1818 scribis,
1041 1774 1098 1809 ita
1128 1775 1324 1822 putaram.
1381 1773 1534 1811 Scisses

44 1823 176 1861 culam
197 1823 222 1860 I
226 1822 260 1860 V
326 1839 435 1874 enim
454 1835 635 1887 mihique
655 1834 834 1873 dixisses.
884 1833 945 1872 Tu
966 1839 1103 1872 tamen
1127 1836 1185 1871 ita
1207 1833 1307 1871 mihi
1331 1833 1384 1872 de
1407 1833 1534 1872 Bruto

47 1877 103 1915 Id·
126 1877 251 1920 ant·
276 1891 310 1915 α·
326 1899 479 1946 scribis,
504 1903 552 1937 ut
576 1897 629 1936 de
654 1902 698 1936 te
720 1897 833 1935 nihil.
891 1896 1067 1944 Quando
1088 1901 1226 1934 autem
1249 1895 1364 1934 illum
1385 1897 1533 1947 putas?

49 1933 125 1971 709
329 1962 433 1999 Nam
457 1974 535 2012 ego
559 1960 725 1999 Romam
748 1960 879 2012 pridie
908 1959 1016 1998 Idus.
1076 1959 1202 1997 Bruto
1228 1961 1286 1997 ita
1304 1959 1412 1998 volui
1437 1962 1533 1998 scri-

742 2072 757 2095 ²
778 2067 833 2108 Cf.
852 2073 927 2106 Αιε.
946 2081 1029 2106 xm.
1052 2073 1102 2106 13.

331 2125 344 2157 l
355 2118 405 2158 56
