1572 2378
576 158 802 197 MARCUS
842 158 1086 198 TULLIUS
1126 160 1326 200 CICERO

344 248 469 283 nostri
489 245 707 284 vulticulus
725 247 777 284 ab
795 249 873 286 ista
891 250 1073 286 oratione
1103 248 1315 288 deterret?
1371 251 1549 299 Quintus

344 312 458 358 filius,
478 317 525 350 ut
543 312 853 359 scribis,Antoni
872 318 936 351 est
954 313 1144 352 dextella.
1206 315 1282 353 Per
1300 329 1394 354 eum
1411 318 1546 368 igitur,

342 377 451 429 quod
485 377 677 424 volemus,
710 377 829 416 facile
861 378 1100 418 auferemus.
1174 380 1389 432 ExspectO,
1423 385 1470 430 si,
1502 388 1548 423 ut
1568 437 1571 439 -

342 448 473 492 putas,
494 442 539 481 L.
563 442 766 480 Antonius
796 443 987 493 produxit
1015 444 1244 492 Octavium,
1264 446 1392 497 qualis
1411 451 1548 488 contio

343 507 476 546 fuerit.

398 574 513 612 Haec
527 576 667 624 scripsi
682 577 839 626 raptim.
889 574 1037 614 Statim
1052 578 1161 614 enim
1177 576 1284 615 Cassi
1302 578 1544 619 tabellarius.

341 639 461 677 Eram
481 642 675 677 continuo
703 640 843 678 Piliam
872 640 1128 688 salutaturus,
1149 641 1299 680 deinde
1327 644 1379 681 ad
1407 645 1546 696 epulas

342 705 500 744 Vestori
519 705 711 744 navicula.
772 706 935 745 Atticae
955 707 1168 757 plurimam
1188 708 1372 747 salutem.

894 879 992 917 XXI

777 975 917 1000 CICERO
949 975 1099 1000 ATTICO.

51 1043 129 1082 Scr.
150 1043 188 1081 in
391 1045 491 1083 Cum
524 1043 644 1095 paulo
673 1049 770 1082 ante
802 1044 1005 1082 dedissem
1035 1045 1086 1083 ad
1116 1050 1159 1083 te
1191 1045 1299 1084 Cassi
1332 1047 1544 1088 tabellario

55 1098 256 1160 Pul⁶⁰laf²⁰
286 1098 321 1136 V
336 1110 506 1157 litteras,
535 1123 558 1147 v
589 1109 684 1147 Idus
715 1112 827 1147 venit
855 1115 994 1147 noster
1020 1110 1266 1158 tabellarius,
1293 1117 1337 1151 et
1363 1113 1542 1164 quidem,

53 1152 227 1245 ssbMaz.
249 1167 283 1190 a·
338 1178 515 1226 portenti
547 1175 690 1222 simile,
721 1178 808 1213 sine
837 1178 919 1213 tuis
948 1175 1106 1213 litteris.
1165 1175 1246 1214 Sed
1277 1180 1359 1216 cito
1388 1181 1541 1219 conieci

340 1241 491 1279 Lanuvi
520 1247 563 1279 te
592 1241 726 1279 fuisse.
787 1240 886 1278 Eros
914 1246 1053 1279 autem
1080 1240 1303 1290 festinavit,
1321 1248 1368 1282 ut
1395 1244 1447 1283 ad
1474 1258 1540 1285 me

334 1308 494 1346 litterae
516 1306 754 1346 Dolabellae
774 1306 1052 1358 perferrentur
1070 1320 1153 1345 non
1171 1307 1224 1346 de
1244 1321 1287 1346 re
1306 1321 1398 1348 mea
1421 1308 1541 1363 (non-

332 1373 429 1411 dum
464 1375 572 1411 enim
607 1386 717 1410 meas
754 1370 999 1424 acceperat),
1032 1371 1105 1411 sed
1138 1375 1343 1425 rescripsit
1373 1374 1426 1414 ad
1458 1388 1536 1424 eas,

331 1453 500 1491 quarum
520 1439 753 1489 exemplum
772 1440 848 1476 tibi
868 1441 1066 1485 miseram,
1088 1452 1184 1477 sane
1204 1439 1423 1480 luculente.
1471 1442 1539 1483 Ad

333 1519 397 1543 me
416 1510 568 1552 autem,
588 1518 679 1542 cum
707 1503 816 1542 Cassi
843 1504 1099 1542 tabellarium
1126 1504 1377 1554 dimisissem,
1400 1511 1538 1548 statim

335 1571 491 1608 Balbus.
551 1570 588 1609 O
608 1569 676 1608 dei
696 1570 801 1616 boni,
824 1582 946 1621 quam
973 1569 1091 1608 facile
1119 1573 1368 1622 perspiceres
1392 1576 1538 1615 timere

331 1638 482 1675 otium!
540 1636 594 1674 Et
625 1638 731 1674 nosti
762 1638 901 1683 virum,
934 1649 1054 1687 quam
1084 1642 1230 1676 tectus.
1287 1637 1370 1677 Sed
1399 1645 1538 1682 tamen

334 1702 486 1740 Antoni
511 1701 676 1739 consilia
697 1702 910 1746 narrabat3
938 1701 1053 1739 illum
1080 1704 1289 1742 circumire
1312 1710 1537 1756 veteranos,
1558 1735 1561 1738 Δ

333 1773 378 1806 ut
410 1772 501 1805 aeta
538 1767 717 1805 Caesaris
754 1769 958 1805 sancirent
995 1767 1118 1818 idque
1155 1781 1198 1806 se
1235 1767 1411 1809 facturos
1448 1785 1537 1812 esse

333 1837 522 1880 iurarent,
543 1838 591 1871 ut
614 1832 768 1871 castra¹
793 1824 934 1870 omnes
956 1832 1166 1880 haberent,
1189 1846 1318 1886 eaque
1335 1835 1536 1877 duumviri

331 1899 516 1936 omnibus
550 1898 756 1936 mensibus
788 1900 1047 1948 inspicerent.
1106 1897 1286 1946 Questus
1317 1906 1381 1940 est
1412 1905 1535 1943 etiam

331 1963 383 2001 de
403 1977 475 2001 sua
493 1963 655 2010 invidia,
676 1976 804 2014 eaque
824 1965 954 2001 omnis
973 1965 1059 2002 eius
1078 1967 1205 2003 oratio
1225 1965 1312 2012 fuit,
1336 1971 1383 2006 ut
1400 1981 1536 2008 amare

333 2030 538 2067 videretur
571 2029 806 2067 Antonium.
865 2028 975 2076 Quid
1007 2031 1196 2081 quaeris?
1242 2031 1343 2069 nihil
1375 2035 1531 2078 sinceri.

665 2100 676 2121 ¹
695 2102 737 2134 ut
751 2102 869 2133 eastra
886 2099 984 2133 Oelo:
1009 2103 1126 2133 utram
1145 2100 1212 2139 Μῑ,

332 2150 411 2184 284
