1572 2378
541 145 784 192 'MARCUS
817 152 1065 192 TULLIUS
1106 153 1306 193 CICERO

326 240 613 296 ςΕςρἓμμωεε.
652 203 748 313 (ru,
768 244 800 279 si
829 241 926 292 quid
957 244 1035 279 erit
1063 241 1115 279 de
1145 211 1377 342 ceterislbde
1407 242 1533 281 Bruto

325 307 480 355 utique,
508 303 712 355 quicquid.
772 303 890 342 Haec
919 306 1136 355 conscripsi
1166 317 1190 342 x
1222 304 1310 342 Ka.
1334 305 1534 344 accubans

324 367 433 418 apud
454 366 696 414 Vestorium,
716 366 923 405 hominem
951 372 1155 406 remotum
1181 380 1206 405 a
1232 366 1470 416 dialecticis,
1491 370 1532 407 in

323 428 591 468 arithmeticis
611 431 708 467 satis
726 432 1005 486 exgcffatum.
1415 422 1418 425 ⁴

879 627 984 664 XIII

723 719 862 744 CICERO
892 720 1032 744 ATTICO
1062 720 1102 744 SA
1109 721 1140 745 L.

43 787 121 825 Sor.
147 785 313 825 Puteolis
383 786 567 837 Septimo
593 786 772 837 denique
801 786 868 824 die
895 786 1057 825 litterae
1085 787 1184 824 mihi
1213 786 1398 826 redditae
1425 794 1534 836 sunt,

50 840 85 878 V
84 841 109 879 Ῑ
133 840 183 879 K·
210 840 308 878 Mai·
329 862 432 900 quae
453 854 571 887 erant
588 862 612 886 a
630 853 674 886 te
693 861 764 886 xm
787 848 873 886 Kal.
896 848 1040 894 datae3
1069 849 1214 900 quibus
1233 852 1392 901 quaeris
1410 855 1533 902 atque

43 909 78 934 a.
101 895 179 935 710

43 1185 121 1211 Iliad
133 1191 161 1211 x.
176 1185 227 1211 228

330 915 455 950 etiam
479 925 546 950 me
571 914 703 963 ipsum
729 914 885 950 nescire
909 912 1127 959 arbitraris,
1153 916 1291 950 utrum
1315 915 1444 963 magis
1469 918 1533 952 tu-

327 974 447 1013 mulis
465 979 764 1026 prospectuque
786 987 840 1012 an
861 974 1136 1013 ambulatione
1158 976 1320 1015 ἆλιτενεῖ
1337 975 1530 1015 delecter.

327 1038 403 1076 Est
420 1037 669 1085 mehercule,
689 1042 736 1075 ut
753 1036 867 1085 dicis,
886 1040 1098 1089 utriusque
1116 1037 1195 1076 loci
1223 1043 1339 1077 tanta
1356 1041 1534 1078 amoeni-

325 1105 403 1148 tas,
423 1106 470 1139 ut
488 1100 687 1148 dubitem,
705 1105 798 1139 utra
815 1100 1104 1151 anteponenda
1122 1103 1186 1139 sit.

435 1205 491 1212 —
508 1207 561 1213 —
584 1187 607 1205 “
617 1181 728 1223 Ἀλλ’
749 1185 792 1222 οὗ
812 1182 934 1225 δαιτὸς
953 1184 1140 1235 ἐπηράτου
1159 1183 1250 1236 ἔργα
1267 1183 1445 1235 μέμηλεν,

435 1239 539 1278 ἀλλὰ
555 1237 643 1289 λίην
659 1237 759 1289 μέγα
777 1240 893 1288 πῆμα,
912 1238 1114 1289 διοτρεφές,
1134 1239 1371 1288 εἰσορόωντες

435 1292 603 1343 δείδιμεν·
633 1295 672 1332 ἐν
690 1292 772 1344 δοιῇ
791 1292 830 1332 δὲ
849 1293 1048 1343 σαωσέμεν
1065 1290 1090 1343 ἢ
1109 1292 1358 1332 ἀπολέσθαι.”

326 1379 522 1428 Quamvis
550 1382 660 1419 enim
686 1385 733 1418 tu
761 1394 910 1431 magna
932 1386 976 1419 et
1002 1379 1103 1418 mihi
1131 1380 1307 1419 iucunda
1329 1384 1534 1433 scripseris

327 1443 380 1482 de
401 1443 451 1481 D.
473 1443 589 1481 Bruti
610 1443 790 1481 adventu
818 1442 871 1481 ad
899 1456 988 1481 suas
1017 1443 1213 1494 legiones,
1241 1446 1282 1481 in
1312 1457 1392 1496 quo
1420 1456 1535 1496 spem

328 1509 542 1544 maximam
561 1505 693 1554 video,
711 1511 863 1553 tamen,
884 1508 917 1544 si
941 1510 1004 1544 est
1025 1505 1179 1544 bellum
1199 1506 1317 1545 civile
1339 1506 1533 1555 futurum,

326 1569 436 1621 quod
456 1574 568 1607 certe
588 1571 679 1616 erit,
699 1571 732 1606 si
753 1568 901 1607 Sextus
921 1571 963 1606 in
982 1571 1103 1607 armis
1123 1569 1392 1620 permanebit,
1412 1582 1535 1621 quem

327 1645 634 1683 permansurum
663 1644 751 1669 esse
780 1636 893 1669 certo
921 1633 1016 1679 scio,
1035 1631 1134 1683 quid
1160 1632 1276 1670 nobis
1304 1630 1535 1670 faciendum

327 1698 393 1742 sit,
411 1697 564 1745 ignoro.
625 1694 770 1746 Neque
800 1696 908 1732 enim
939 1696 1018 1731 iam
1046 1693 1202 1742 licebit,
1219 1694 1329 1746 quod
1357 1694 1535 1733 Caesaris

328 1757 437 1796 bello
465 1756 593 1804 licuit,
620 1770 756 1808 neque
786 1756 865 1794 huc
896 1769 1030 1808 neque
1059 1756 1167 1794 illuc.
1225 1755 1536 1809 Quemcumque

327 1822 437 1858 enim
457 1819 558 1857 haec
577 1832 668 1870 pars
692 1819 943 1870 perditorum
971 1819 1168 1857 laetatum
1197 1819 1376 1858 Caesaris
1403 1824 1535 1859 morte

327 1882 489 1934 putabit
507 1880 723 1934 (laetitiam
743 1887 882 1920 autem
901 1884 1154 1933 apertissime
1173 1881 1340 1920 tulimus
1363 1881 1534 1935 omnes),

330 1945 436 1983 hunc·
456 1947 498 1982 in
518 1945 695 1983 hostium
724 1957 894 1983 numero
921 1943 1113 1990 habebit3
1142 1957 1246 1996 quae
1274 1957 1339 1983 res
1366 1944 1418 1983 ad
1445 1957 1535 1983 cae-

327 2008 424 2050 dem
453 2010 668 2045 maximam
698 2012 868 2058 spectat.
929 2007 1083 2054 Restat,
1112 2012 1159 2046 ut
1189 2009 1231 2045 in
1262 2011 1391 2045 castra
1421 2006 1534 2046 Sexti

327 2074 412 2117 aut,
439 2072 474 2108 si
501 2069 622 2118 forte,
651 2070 766 2108 Bruti
794 2083 866 2109 nos
896 2069 1159 2108 conferamus.
1221 2070 1299 2108 Res
1327 2069 1465 2108 odiosa
1491 2075 1536 2110 et

329 2138 410 2174 242
