1572 2378
47 476 125 513 Scr.
151 474 190 512 in
219 474 313 512 Tus-

46 529 179 568 culano
198 528 261 566 IV

51 584 150 622 Non.
164 582 262 621 Sext.
277 597 313 620 a.

52 639 128 678 709

556 165 784 205 MARCUS
821 165 1066 205 TULLIUS
1102 165 1303 205 CICERO

838 303 1039 342 XXXVII

725 404 867 430 CICERO
896 404 1037 430 ATTICO
1065 405 1144 432 SAL.

388 479 475 517 Has
504 478 653 518 alteras
682 478 804 517 hodie
834 480 1000 518 litteras.
1062 480 1125 518 De
1155 480 1337 519 Xenonis
1372 482 1535 519 nomine

333 547 377 580 et
399 541 451 580 de
474 542 689 593 Epiroticis
716 548 822 580 Ἦ
849 542 950 580 nihil
979 547 1117 593 potest
1143 543 1229 581 fieri
1258 555 1336 581 nec
1363 555 1536 581 commo—

333 605 423 643 dius
454 618 533 644 nec
564 608 711 656 aptius,
744 618 866 657 quam
897 610 945 644 ut
976 606 1125 645 scribis.
1186 605 1235 644 Id
1264 611 1353 645 erat
1380 606 1538 645 loeutus

333 681 495 706 mecum
514 668 658 707 eodem
677 668 799 707 modo
819 668 967 707 Balbus
985 671 1127 708 minor.
1186 669 1299 707 Nihil
1327 671 1422 707 novi
1442 682 1539 709 sane

333 733 411 769 nisi
432 730 615 768 Hirtium
634 744 726 769 cum
746 730 902 778 Quinto
920 734 1114 770 acerrime
1142 744 1215 783 pro
1240 745 1308 770 me
1335 731 1540 783 litigasse;

333 795 520 832 omnibus
558 807 653 832 eum
689 793 787 832 locis
824 793 960 832 furere
993 797 1249 846 maximeque
1277 797 1322 833 in
1350 796 1541 833 conviviis

335 869 428 895 cum
447 856 576 894 multa
595 856 647 894 de
666 869 733 895 me
751 862 842 895 tum
859 856 994 895 redire
1008 857 1061 895 ad
1073 862 1256 908 patrem3
1284 857 1386 895 nihil
1405 862 1541 897 autem

335 920 387 958 ab
406 932 455 957 eo
473 924 559 957 tam
579 920 804 966 ἀξιοπίστως
822 919 903 958 dici
921 933 1043 971 quam
1064 920 1327 959 alienissimos
1354 934 1427 959 nos
1455 933 1543 960 esse

335 996 360 1020 a
379 982 571 1028 Caesare3
600 982 722 1021 fidem
749 984 865 1022 nobis
892 983 1123 1022 habendam
1142 997 1226 1022 non
1245 997 1346 1031 esse,
1364 997 1431 1022 me
1449 996 1544 1024 vero

337 1047 463 1084 etiam
491 1045 717 1083 cavendum
746 1044 936 1099 (φοβερὸν
964 1046 1010 1085 ἂν
1038 1047 1096 1097 ἦν,
1126 1049 1205 1085 nisi
1233 1046 1415 1085 viderem
1442 1047 1544 1084 seire

338 1120 479 1158 regem
498 1120 564 1146 me
583 1110 706 1145 animi
725 1107 826 1145 nihil
848 1107 1030 1161 habere),
1050 1108 1286 1147 Ciceronem
1301 1121 1396 1148 vero
1408 1121 1546 1148 meum

338 1172 474 1208 vexari
487 1183 497 1216 3
527 1170 598 1209 sed
622 1170 664 1208 id
690 1170 855 1222 quidem
883 1171 1081 1210 arbitratu
1109 1184 1192 1210 suo.
1251 1171 1545 1211 Laudationem

342 1233 505 1272 Porciae
535 1233 695 1284 gaudeo
723 1247 790 1272 me
820 1239 917 1272 ante
947 1233 1109 1273 dedisse
1139 1233 1296 1286 Leptae
1323 1233 1548 1282 tabellario,

340 1309 462 1348 quam
490 1301 581 1335 tuas
607 1299 832 1348 acceperim
861 1297 1030 1336 litteras.
1089 1298 1188 1336 Eam
1208 1302 1255 1336 tu
1274 1300 1412 1349 igitur,
1430 1299 1464 1336 si
1481 1310 1547 1336 me

343 1373 466 1406 amas,
485 1361 654 1406 curabis,
673 1363 706 1399 si
724 1359 844 1399 modo
862 1364 1063 1408 mittetur,
1078 1363 1157 1400 isto
1170 1360 1292 1400 modo
1303 1359 1548 1400 mittendam

343 1421 526 1460 Domitio
544 1427 588 1460 et
608 1422 745 1462 Bruto.

398 1484 463 1523 De
492 1485 795 1536 gladiatoribus,
826 1485 879 1524 de
909 1489 1068 1534 ceteris,
1101 1499 1205 1538 quae
1241 1487 1381 1525 scribis
1417 1489 1549 1539 ἀνεμο-

342 1542 504 1597 φόρητα,
534 1546 657 1586 facies
686 1560 754 1586 me
784 1547 933 1586 cotidie
965 1551 1190 1587 certiorem.
1248 1548 1395 1596 Velim,
1418 1550 1453 1587 si
1472 1548 1549 1588 tibi

341 1609 516 1657 videtur,
543 1609 726 1661 appelles
754 1610 926 1649 Balbum
954 1615 998 1649 et
1026 1610 1215 1650 Offilium.
1275 1611 1339 1650 De
1361 1613 1548 1650 auctione

342 1672 628 1722 proscribenda
643 1672 833 1724 equidem
847 1672 1006 1711 locutus
1020 1686 1110 1712 sum
1125 1687 1216 1712 cum
1234 1673 1369 1713 Balbo.
1414 1673 1549 1713 Place-

341 1734 414 1772 bat
434 1734 550 1786 (puto
567 1737 796 1786 conscripta
814 1735 965 1774 habere
985 1735 1164 1774 Offilium
1183 1739 1340 1782 omnia;
1366 1736 1493 1775 habet
1505 1741 1550 1776 et

343 1795 510 1849 Balbus)
546 1796 618 1834 sed
657 1796 782 1835 Balbo
818 1797 1007 1848 placebat
1052 1801 1323 1850 propinquum
1359 1798 1469 1837 diem
1505 1803 1550 1837 et

345 1858 518 1904 Romae;
559 1861 593 1897 si
631 1858 776 1897 Cacsar
811 1865 1049 1908 moraretur,
1086 1873 1203 1911 posse
1239 1859 1350 1899 diem
1386 1860 1546 1899 differri.

342 1920 423 1959 Sed
453 1924 487 1960 is
516 1921 682 1973 quidem
711 1921 853 1960 adesse
886 1922 1058 1960 videtur.
1116 1922 1265 1961 Totum
1298 1925 1423 1974 igitur
1453 1935 1548 1962 con-

341 1983 497 2030 sidera;
525 1983 660 2035 placet
680 1987 789 2022 enim
809 1984 1005 2022 Vestorio.

776 2097 790 2118 ¹
813 2097 915 2135 4‚000
931 2100 1109 2129 sesterces.

347 2143 425 2180 184
