<?xml version="1.0" encoding="UTF-8"?>
<!DOCTYPE html PUBLIC "-//W3C//DTD XHTML 1.0 Transitional//EN"
    "http://www.w3.org/TR/xhtml1/DTD/xhtml1-transitional.dtd">
<html xmlns="http://www.w3.org/1999/xhtml" xml:lang="en" lang="en">
 <head>
  <title>
</title>
<meta http-equiv="Content-Type" content="text/html;charset=utf-8" />
  <meta name='ocr-system' content='tesseract 3.04.00' />
  <meta name='ocr-capabilities' content='ocr_page ocr_carea ocr_par ocr_line ocrx_word'/>
</head>
<body>
  <div class='ocr_page' id='page_1' title='image "./letterstoatticuswins03ciceuoft_0314.png"; bbox 0 0 1572 2378; ppageno 0'>
   <div class='ocr_carea' id='block_1_1' title="bbox 546 137 1294 177">
    <p class='ocr_par' dir='ltr' id='par_1_1' title="bbox 546 137 1294 177">
     <span class='ocr_line' id='line_1_1' title="bbox 546 137 1294 177; baseline 0.003 -2"><span class='ocrx_word' id='word_1_1' title='bbox 546 139 584 175; x_wconf 93' lang='lat' dir='ltr'>M</span> <span class='ocrx_word' id='word_1_2' title='bbox 593 137 772 177; x_wconf 85' lang='lat' dir='ltr'>ARCUS</span> <span class='ocrx_word' id='word_1_3' title='bbox 811 137 1054 177; x_wconf 90' lang='lat' dir='ltr'>TULLIUS</span> <span class='ocrx_word' id='word_1_4' title='bbox 1094 137 1294 177; x_wconf 87' lang='lat' dir='ltr'>CICERO</span> 
     </span>
    </p>
   </div>
   <div class='ocr_carea' id='block_1_2' title="bbox 314 224 1520 397">
    <p class='ocr_par' dir='ltr' id='par_1_2' title="bbox 314 224 1520 397">
     <span class='ocr_line' id='line_1_2' title="bbox 315 224 1520 277; baseline -0.001 -14"><span class='ocrx_word' id='word_1_5' title='bbox 315 226 425 276; x_wconf 88' lang='lat' dir='ltr'><strong>leges</strong></span> <span class='ocrx_word' id='word_1_6' title='bbox 445 238 561 277; x_wconf 89' lang='lat' dir='ltr'><strong>posse</strong></span> <span class='ocrx_word' id='word_1_7' title='bbox 581 225 645 264; x_wconf 93' lang='lat' dir='ltr'><strong>vel</strong></span> <span class='ocrx_word' id='word_1_8' title='bbox 665 226 894 265; x_wconf 82' lang='grc' dir='ltr'>ἇττικώτατα</span> <span class='ocrx_word' id='word_1_9' title='bbox 911 228 1145 277; x_wconf 82' lang='lat' dir='ltr'><strong>gravissime</strong></span> <span class='ocrx_word' id='word_1_10' title='bbox 1164 225 1256 264; x_wconf 87' lang='lat' dir='ltr'><strong>dici.</strong></span> <span class='ocrx_word' id='word_1_11' title='bbox 1314 224 1396 264; x_wconf 91' lang='lat' dir='ltr'><strong>Sed</strong></span> <span class='ocrx_word' id='word_1_12' title='bbox 1421 225 1520 263; x_wconf 78' lang='lat' dir='ltr'><strong>haec</strong></span> 
     </span>
     <span class='ocr_line' id='line_1_3' title="bbox 315 291 1520 342; baseline -0.001 -13"><span class='ocrx_word' id='word_1_13' title='bbox 315 304 458 331; x_wconf 86' lang='lat' dir='ltr'><strong>coram.</strong></span> <span class='ocrx_word' id='word_1_14' title='bbox 517 291 636 329; x_wconf 90' lang='lat' dir='ltr'><strong>Nunc</strong></span> <span class='ocrx_word' id='word_1_15' title='bbox 656 304 733 329; x_wconf 91' lang='lat' dir='ltr'><strong>nec</strong></span> <span class='ocrx_word' id='word_1_16' title='bbox 751 294 839 329; x_wconf 90' lang='lat' dir='ltr'><strong>sine</strong></span> <span class='ocrx_word' id='word_1_17' title='bbox 860 291 1034 342; x_wconf 85' lang='lat' dir='ltr'><strong>epistula</strong></span> <span class='ocrx_word' id='word_1_18' title='bbox 1056 304 1133 330; x_wconf 87' lang='lat' dir='ltr'><strong>nee</strong></span> <span class='ocrx_word' id='word_1_19' title='bbox 1156 304 1248 329; x_wconf 90' lang='lat' dir='ltr'><strong>cum</strong></span> <span class='ocrx_word' id='word_1_20' title='bbox 1277 292 1388 329; x_wconf 84' lang='lat' dir='ltr'><strong>inani</strong></span> <span class='ocrx_word' id='word_1_21' title='bbox 1416 291 1520 342; x_wconf 89' lang='lat' dir='ltr'><strong>epis-</strong></span> 
     </span>
     <span class='ocr_line' id='line_1_4' title="bbox 314 356 1127 397; baseline 0.002 -2"><span class='ocrx_word' id='word_1_22' title='bbox 314 356 399 395; x_wconf 84' lang='lat' dir='ltr'><strong>tula</strong></span> <span class='ocrx_word' id='word_1_23' title='bbox 418 356 524 394; x_wconf 93' lang='lat' dir='ltr'><strong>volui</strong></span> <span class='ocrx_word' id='word_1_24' title='bbox 545 356 596 394; x_wconf 86' lang='lat' dir='ltr'><strong>ad</strong></span> <span class='ocrx_word' id='word_1_25' title='bbox 614 362 658 395; x_wconf 91' lang='lat' dir='ltr'><strong>te</strong></span> <span class='ocrx_word' id='word_1_26' title='bbox 679 356 958 395; x_wconf 83' lang='lat' dir='ltr'><strong>Metrodorum</strong></span> <span class='ocrx_word' id='word_1_27' title='bbox 980 359 1127 397; x_wconf 85' lang='lat' dir='ltr'><strong>venire.</strong></span> 
     </span>
    </p>
   </div>
   <div class='ocr_carea' id='block_1_3' title="bbox 32 620 1526 848">
    <p class='ocr_par' dir='ltr' id='par_1_3' title="bbox 32 620 1526 848">
     <span class='ocr_line' id='line_1_5' title="bbox 714 620 1130 648; baseline 0.005 -3"><span class='ocrx_word' id='word_1_28' title='bbox 714 620 854 646; x_wconf 67' lang='lat' dir='ltr'><strong>menno</strong></span> <span class='ocrx_word' id='word_1_29' title='bbox 885 621 1024 646; x_wconf 71' lang='lat' dir='ltr'><strong>A&#39;rr1co</strong></span> <span class='ocrx_word' id='word_1_30' title='bbox 1053 623 1130 648; x_wconf 76' lang='lat' dir='ltr'><strong>sAr..</strong></span> 
     </span>
     <span class='ocr_line' id='line_1_6' title="bbox 32 690 1524 742; baseline -0.001 -13"><span class='ocrx_word' id='word_1_31' title='bbox 32 702 110 740; x_wconf 55' lang='lat' dir='ltr'><strong><em>Ser,</em></strong></span> <span class='ocrx_word' id='word_1_32' title='bbox 137 700 175 738; x_wconf 67' lang='lat' dir='ltr'><strong>in</strong></span> <span class='ocrx_word' id='word_1_33' title='bbox 374 704 424 730; x_wconf 84' lang='lat' dir='ltr'><strong>xv</strong></span> <span class='ocrx_word' id='word_1_34' title='bbox 459 691 546 729; x_wconf 88' lang='lat' dir='ltr'><strong>Kal.</strong></span> <span class='ocrx_word' id='word_1_35' title='bbox 579 704 602 729; x_wconf 87' lang='lat' dir='ltr'><strong>e</strong></span> <span class='ocrx_word' id='word_1_36' title='bbox 635 690 878 729; x_wconf 85' lang='lat' dir='ltr'><strong>Sinuessano</strong></span> <span class='ocrx_word' id='word_1_37' title='bbox 911 692 1166 742; x_wconf 85' lang='lat' dir='ltr'><strong>proficiscens</strong></span> <span class='ocrx_word' id='word_1_38' title='bbox 1198 705 1291 731; x_wconf 87' lang='lat' dir='ltr'><strong>cum</strong></span> <span class='ocrx_word' id='word_1_39' title='bbox 1322 690 1524 730; x_wconf 79' lang='lat' dir='ltr'><strong>dedissem</strong></span> 
     </span>
     <span class='ocr_line' id='line_1_7' title="bbox 36 750 1526 848; baseline 0.001 -56"><span class='ocrx_word' id='word_1_40' title='bbox 36 754 224 848; x_wconf 48' lang='grc' dir='ltr'><strong>Δἕξεί-ἐιῖἷιζηοι</strong></span> <span class='ocrx_word' id='word_1_41' title='bbox 319 758 369 796; x_wconf 86' lang='lat' dir='ltr'><strong>ad</strong></span> <span class='ocrx_word' id='word_1_42' title='bbox 399 763 443 795; x_wconf 93' lang='lat' dir='ltr'><strong>te</strong></span> <span class='ocrx_word' id='word_1_43' title='bbox 472 757 629 795; x_wconf 81' lang='lat' dir='ltr'><strong>litteras</strong></span> <span class='ocrx_word' id='word_1_44' title='bbox 663 757 1008 809; x_wconf 87' lang='lat' dir='ltr'><strong>devertissemque</strong></span> <span class='ocrx_word' id='word_1_45' title='bbox 1041 757 1226 805; x_wconf 76' lang='lat' dir='ltr'><strong>acutius,1</strong></span> <span class='ocrx_word' id='word_1_46' title='bbox 1257 750 1299 796; x_wconf 79' lang='lat' dir='ltr'><strong>in</strong></span> <span class='ocrx_word' id='word_1_47' title='bbox 1330 757 1526 796; x_wconf 67' lang='lat' dir='ltr'><strong>Vesciano</strong></span> 
     </span>
     <span class='ocr_line' id='line_1_8' title="bbox 183 823 232 846; baseline 0 0"><span class='ocrx_word' id='word_1_48' title='bbox 183 823 206 846; x_wconf 87' lang='lat' dir='ltr'><em>a</em></span> <span class='ocrx_word' id='word_1_49' title='bbox 225 839 232 846; x_wconf 94' lang='lat'>.</span> 
     </span>
    </p>
   </div>
   <div class='ocr_carea' id='block_1_4' title="bbox 320 821 1534 1792">
    <p class='ocr_par' dir='ltr' id='par_1_4' title="bbox 320 821 1529 1138">
     <span class='ocr_line' id='line_1_9' title="bbox 321 821 1527 875; baseline 0 -15"><span class='ocrx_word' id='word_1_50' title='bbox 321 826 458 873; x_wconf 86' lang='lat' dir='ltr'><strong>accepi</strong></span> <span class='ocrx_word' id='word_1_51' title='bbox 473 837 496 860; x_wconf 84' lang='lat' dir='ltr'><strong>a</strong></span> <span class='ocrx_word' id='word_1_52' title='bbox 510 823 721 861; x_wconf 87' lang='lat' dir='ltr'><strong>tabellario</strong></span> <span class='ocrx_word' id='word_1_53' title='bbox 735 828 826 860; x_wconf 87' lang='lat' dir='ltr'><strong>tuas</strong></span> <span class='ocrx_word' id='word_1_54' title='bbox 840 822 998 862; x_wconf 77' lang='lat' dir='ltr'><strong>litteras</strong></span> <span class='ocrx_word' id='word_1_55' title='bbox 1013 836 1022 869; x_wconf 82' lang='lat'>3</span> <span class='ocrx_word' id='word_1_56' title='bbox 1049 826 1091 861; x_wconf 91' lang='lat' dir='ltr'><strong>in</strong></span> <span class='ocrx_word' id='word_1_57' title='bbox 1107 824 1251 875; x_wconf 89' lang='lat' dir='ltr'><strong>quibus</strong></span> <span class='ocrx_word' id='word_1_58' title='bbox 1266 825 1385 861; x_wconf 89' lang='lat' dir='ltr'><strong>nimis</strong></span> <span class='ocrx_word' id='word_1_59' title='bbox 1398 821 1527 862; x_wconf 76' lang='lat' dir='ltr'><strong>multa</strong></span> 
     </span>
     <span class='ocr_line' id='line_1_10' title="bbox 322 888 1527 928; baseline -0.002 -1"><span class='ocrx_word' id='word_1_60' title='bbox 322 889 374 927; x_wconf 89' lang='lat' dir='ltr'><strong>de</strong></span> <span class='ocrx_word' id='word_1_61' title='bbox 405 888 615 928; x_wconf 90' lang='lat' dir='ltr'><strong>Buthroto.</strong></span> <span class='ocrx_word' id='word_1_62' title='bbox 676 888 768 925; x_wconf 91' lang='lat' dir='ltr'><strong>Non</strong></span> <span class='ocrx_word' id='word_1_63' title='bbox 788 890 898 926; x_wconf 90' lang='lat' dir='ltr'><strong>enim</strong></span> <span class='ocrx_word' id='word_1_64' title='bbox 916 888 993 927; x_wconf 90' lang='lat' dir='ltr'><strong>tibi</strong></span> <span class='ocrx_word' id='word_1_65' title='bbox 1012 901 1061 927; x_wconf 89' lang='lat' dir='ltr'><strong>ea</strong></span> <span class='ocrx_word' id='word_1_66' title='bbox 1079 902 1143 927; x_wconf 92' lang='lat' dir='ltr'><strong>res</strong></span> <span class='ocrx_word' id='word_1_67' title='bbox 1161 891 1301 926; x_wconf 83' lang='lat' dir='ltr'><strong>maiori</strong></span> <span class='ocrx_word' id='word_1_68' title='bbox 1320 900 1439 926; x_wconf 83' lang='lat' dir='ltr'><strong>curae</strong></span> <span class='ocrx_word' id='word_1_69' title='bbox 1456 891 1527 925; x_wconf 73' lang='lat' dir='ltr'><strong>aut</strong></span> 
     </span>
     <span class='ocr_line' id='line_1_11' title="bbox 321 952 1528 1005; baseline -0.002 -12"><span class='ocrx_word' id='word_1_70' title='bbox 321 960 384 993; x_wconf 89' lang='lat' dir='ltr'><strong>est</strong></span> <span class='ocrx_word' id='word_1_71' title='bbox 414 959 485 992; x_wconf 87' lang='lat' dir='ltr'><strong>aut</strong></span> <span class='ocrx_word' id='word_1_72' title='bbox 515 956 594 992; x_wconf 86' lang='lat' dir='ltr'><strong>erit</strong></span> <span class='ocrx_word' id='word_1_73' title='bbox 626 967 747 1005; x_wconf 86' lang='lat' dir='ltr'><strong>quam</strong></span> <span class='ocrx_word' id='word_1_74' title='bbox 779 952 891 992; x_wconf 91' lang='lat' dir='ltr'><strong>mihi.</strong></span> <span class='ocrx_word' id='word_1_75' title='bbox 949 953 1016 993; x_wconf 86' lang='lat' dir='ltr'><strong>Sic</strong></span> <span class='ocrx_word' id='word_1_76' title='bbox 1052 957 1162 993; x_wconf 90' lang='lat' dir='ltr'><strong>enim</strong></span> <span class='ocrx_word' id='word_1_77' title='bbox 1199 953 1322 993; x_wconf 89' lang='lat' dir='ltr'><strong>decet</strong></span> <span class='ocrx_word' id='word_1_78' title='bbox 1357 958 1402 993; x_wconf 87' lang='lat' dir='ltr'><strong>te</strong></span> <span class='ocrx_word' id='word_1_79' title='bbox 1437 965 1528 992; x_wconf 85' lang='lat' dir='ltr'><strong>mea</strong></span> 
     </span>
     <span class='ocr_line' id='line_1_12' title="bbox 320 1019 1529 1072; baseline 0 -13"><span class='ocrx_word' id='word_1_80' title='bbox 320 1034 473 1067; x_wconf 85' lang='lat' dir='ltr'><strong>curare,</strong></span> <span class='ocrx_word' id='word_1_81' title='bbox 499 1025 570 1058; x_wconf 87' lang='lat' dir='ltr'><strong>tua</strong></span> <span class='ocrx_word' id='word_1_82' title='bbox 595 1033 672 1059; x_wconf 90' lang='lat' dir='ltr'><strong>me.</strong></span> <span class='ocrx_word' id='word_1_83' title='bbox 731 1019 865 1067; x_wconf 85' lang='lat' dir='ltr'><strong>Quam</strong></span> <span class='ocrx_word' id='word_1_84' title='bbox 890 1020 943 1058; x_wconf 90' lang='lat' dir='ltr'><strong>ob</strong></span> <span class='ocrx_word' id='word_1_85' title='bbox 973 1034 1058 1059; x_wconf 89' lang='lat' dir='ltr'><strong>rem</strong></span> <span class='ocrx_word' id='word_1_86' title='bbox 1089 1021 1128 1058; x_wconf 89' lang='lat' dir='ltr'><strong>id</strong></span> <span class='ocrx_word' id='word_1_87' title='bbox 1161 1020 1327 1072; x_wconf 91' lang='lat' dir='ltr'><strong>quidem</strong></span> <span class='ocrx_word' id='word_1_88' title='bbox 1357 1022 1414 1059; x_wconf 83' lang='lat' dir='ltr'><strong>sic</strong></span> <span class='ocrx_word' id='word_1_89' title='bbox 1443 1031 1529 1059; x_wconf 78' lang='lat' dir='ltr'><strong>sus-</strong></span> 
     </span>
     <span class='ocr_line' id='line_1_13' title="bbox 320 1085 1449 1138; baseline -0.001 -13"><span class='ocrx_word' id='word_1_90' title='bbox 320 1092 486 1138; x_wconf 90' lang='lat' dir='ltr'><strong>ceptum</strong></span> <span class='ocrx_word' id='word_1_91' title='bbox 507 1091 570 1124; x_wconf 90' lang='lat' dir='ltr'><strong>est</strong></span> <span class='ocrx_word' id='word_1_92' title='bbox 588 1085 701 1133; x_wconf 89' lang='lat' dir='ltr'><strong>mihi,</strong></span> <span class='ocrx_word' id='word_1_93' title='bbox 721 1091 768 1123; x_wconf 92' lang='lat' dir='ltr'><strong>ut</strong></span> <span class='ocrx_word' id='word_1_94' title='bbox 788 1085 888 1123; x_wconf 89' lang='lat' dir='ltr'><strong>nihil</strong></span> <span class='ocrx_word' id='word_1_95' title='bbox 909 1088 983 1124; x_wconf 93' lang='lat' dir='ltr'><strong>sim</strong></span> <span class='ocrx_word' id='word_1_96' title='bbox 1003 1086 1213 1125; x_wconf 88' lang='lat' dir='ltr'><strong>habiturus</strong></span> <span class='ocrx_word' id='word_1_97' title='bbox 1234 1088 1449 1138; x_wconf 85' lang='lat' dir='ltr'><strong>antiquius.</strong></span> 
     </span>
    </p>

    <p class='ocr_par' dir='ltr' id='par_1_5' title="bbox 321 1151 1534 1792">
     <span class='ocr_line' id='line_1_14' title="bbox 378 1151 1531 1203; baseline -0.001 -13"><span class='ocrx_word' id='word_1_98' title='bbox 378 1153 421 1190; x_wconf 91' lang='lat' dir='ltr'><strong>L.</strong></span> <span class='ocrx_word' id='word_1_99' title='bbox 445 1152 670 1190; x_wconf 87' lang='lat' dir='ltr'><strong>Antonium</strong></span> <span class='ocrx_word' id='word_1_100' title='bbox 691 1154 969 1190; x_wconf 88' lang='lat' dir='ltr'><strong>contionatum</strong></span> <span class='ocrx_word' id='word_1_101' title='bbox 990 1166 1077 1190; x_wconf 89' lang='lat' dir='ltr'><strong>esse</strong></span> <span class='ocrx_word' id='word_1_102' title='bbox 1099 1155 1268 1203; x_wconf 87' lang='lat' dir='ltr'><strong>cognovi</strong></span> <span class='ocrx_word' id='word_1_103' title='bbox 1287 1154 1368 1191; x_wconf 86' lang='lat' dir='ltr'><strong>tuis</strong></span> <span class='ocrx_word' id='word_1_104' title='bbox 1382 1151 1531 1190; x_wconf 85' lang='lat' dir='ltr'><strong>litteris</strong></span> 
     </span>
     <span class='ocr_line' id='line_1_15' title="bbox 321 1216 1530 1268; baseline -0.002 -12"><span class='ocrx_word' id='word_1_105' title='bbox 321 1223 366 1256; x_wconf 86' lang='lat' dir='ltr'><strong>et</strong></span> <span class='ocrx_word' id='word_1_106' title='bbox 393 1218 481 1255; x_wconf 88' lang='lat' dir='ltr'><strong>aliis</strong></span> <span class='ocrx_word' id='word_1_107' title='bbox 509 1217 694 1263; x_wconf 89' lang='lat' dir='ltr'><strong>sordide;</strong></span> <span class='ocrx_word' id='word_1_108' title='bbox 727 1216 813 1264; x_wconf 91' lang='lat' dir='ltr'><strong>sed,</strong></span> <span class='ocrx_word' id='word_1_109' title='bbox 843 1216 886 1255; x_wconf 91' lang='lat' dir='ltr'><strong>id</strong></span> <span class='ocrx_word' id='word_1_110' title='bbox 916 1217 1035 1268; x_wconf 86' lang='lat' dir='ltr'><strong>quale</strong></span> <span class='ocrx_word' id='word_1_111' title='bbox 1068 1217 1206 1266; x_wconf 88' lang='lat' dir='ltr'><strong>fuerit,</strong></span> <span class='ocrx_word' id='word_1_112' title='bbox 1236 1219 1397 1264; x_wconf 86' lang='lat' dir='ltr'><strong>nescio;</strong></span> <span class='ocrx_word' id='word_1_113' title='bbox 1428 1216 1530 1256; x_wconf 83' lang='lat' dir='ltr'><strong>nihil</strong></span> 
     </span>
     <span class='ocr_line' id='line_1_16' title="bbox 323 1282 1530 1334; baseline -0.002 -11"><span class='ocrx_word' id='word_1_114' title='bbox 323 1287 432 1323; x_wconf 87' lang='lat' dir='ltr'><strong>enirn</strong></span> <span class='ocrx_word' id='word_1_115' title='bbox 470 1285 675 1334; x_wconf 88' lang='lat' dir='ltr'><strong>scripsisti.</strong></span> <span class='ocrx_word' id='word_1_116' title='bbox 753 1282 816 1321; x_wconf 92' lang='lat' dir='ltr'><strong>De</strong></span> <span class='ocrx_word' id='word_1_117' title='bbox 856 1283 1103 1321; x_wconf 85' lang='lat' dir='ltr'><strong>Menedemo</strong></span> <span class='ocrx_word' id='word_1_118' title='bbox 1141 1284 1277 1334; x_wconf 90' lang='lat' dir='ltr'><strong>probe.</strong></span> <span class='ocrx_word' id='word_1_119' title='bbox 1353 1282 1530 1331; x_wconf 80' lang='lat' dir='ltr'><strong>Quintus</strong></span> 
     </span>
     <span class='ocr_line' id='line_1_17' title="bbox 324 1348 1531 1399; baseline -0.002 -11"><span class='ocrx_word' id='word_1_120' title='bbox 324 1355 436 1388; x_wconf 89' lang='lat' dir='ltr'><strong>certe</strong></span> <span class='ocrx_word' id='word_1_121' title='bbox 456 1362 504 1387; x_wconf 86' lang='lat' dir='ltr'><strong>ea</strong></span> <span class='ocrx_word' id='word_1_122' title='bbox 524 1348 699 1395; x_wconf 82' lang='lat' dir='ltr'><strong>dictitat,</strong></span> <span class='ocrx_word' id='word_1_123' title='bbox 719 1360 823 1399; x_wconf 84' lang='lat' dir='ltr'><strong>quae</strong></span> <span class='ocrx_word' id='word_1_124' title='bbox 843 1349 991 1386; x_wconf 89' lang='lat' dir='ltr'><strong>scribis.</strong></span> <span class='ocrx_word' id='word_1_125' title='bbox 1053 1348 1272 1386; x_wconf 91' lang='lat' dir='ltr'><strong>Consilium</strong></span> <span class='ocrx_word' id='word_1_126' title='bbox 1291 1361 1429 1387; x_wconf 90' lang='lat' dir='ltr'><strong>meum</strong></span> <span class='ocrx_word' id='word_1_127' title='bbox 1447 1361 1472 1386; x_wconf 71' lang='lat' dir='ltr'><strong>a</strong></span> <span class='ocrx_word' id='word_1_128' title='bbox 1488 1352 1531 1387; x_wconf 84' lang='lat' dir='ltr'><strong>te</strong></span> 
     </span>
     <span class='ocr_line' id='line_1_18' title="bbox 325 1413 1530 1466; baseline 0 -14"><span class='ocrx_word' id='word_1_129' title='bbox 325 1415 497 1466; x_wconf 84' lang='lat' dir='ltr'><strong>probari,</strong></span> <span class='ocrx_word' id='word_1_130' title='bbox 516 1413 624 1465; x_wconf 93' lang='lat' dir='ltr'><strong>quod</strong></span> <span class='ocrx_word' id='word_1_131' title='bbox 650 1426 698 1451; x_wconf 85' lang='lat' dir='ltr'><strong>ea</strong></span> <span class='ocrx_word' id='word_1_132' title='bbox 723 1426 806 1450; x_wconf 91' lang='lat' dir='ltr'><strong>non</strong></span> <span class='ocrx_word' id='word_1_133' title='bbox 832 1414 1015 1460; x_wconf 87' lang='lat' dir='ltr'><strong>scribam,</strong></span> <span class='ocrx_word' id='word_1_134' title='bbox 1045 1427 1148 1465; x_wconf 79' lang='lat' dir='ltr'><strong>quae</strong></span> <span class='ocrx_word' id='word_1_135' title='bbox 1177 1419 1222 1452; x_wconf 89' lang='lat' dir='ltr'><strong>tu</strong></span> <span class='ocrx_word' id='word_1_136' title='bbox 1252 1427 1275 1451; x_wconf 83' lang='lat' dir='ltr'><strong>a</strong></span> <span class='ocrx_word' id='word_1_137' title='bbox 1302 1427 1369 1452; x_wconf 88' lang='lat' dir='ltr'><strong>me</strong></span> <span class='ocrx_word' id='word_1_138' title='bbox 1397 1417 1530 1465; x_wconf 55' lang='lat' dir='ltr'><strong>poan-</strong></span> 
     </span>
     <span class='ocr_line' id='line_1_19' title="bbox 325 1478 1532 1530; baseline -0.002 -12"><span class='ocrx_word' id='word_1_139' title='bbox 325 1481 431 1526; x_wconf 84' lang='lat' dir='ltr'><strong>laris,</strong></span> <span class='ocrx_word' id='word_1_140' title='bbox 465 1478 583 1516; x_wconf 87' lang='lat' dir='ltr'><strong>facile</strong></span> <span class='ocrx_word' id='word_1_141' title='bbox 616 1480 759 1529; x_wconf 88' lang='lat' dir='ltr'><strong>patior,</strong></span> <span class='ocrx_word' id='word_1_142' title='bbox 793 1478 1003 1530; x_wconf 89' lang='lat' dir='ltr'><strong>multoque</strong></span> <span class='ocrx_word' id='word_1_143' title='bbox 1037 1482 1164 1529; x_wconf 85' lang='lat' dir='ltr'><strong>magis</strong></span> <span class='ocrx_word' id='word_1_144' title='bbox 1198 1479 1239 1518; x_wconf 87' lang='lat' dir='ltr'><strong>id</strong></span> <span class='ocrx_word' id='word_1_145' title='bbox 1272 1479 1471 1530; x_wconf 73' lang='lat' dir='ltr'><strong>probabis,</strong></span> <span class='ocrx_word' id='word_1_146' title='bbox 1500 1480 1532 1518; x_wconf 78' lang='lat' dir='ltr'><strong>si</strong></span> 
     </span>
     <span class='ocr_line' id='line_1_20' title="bbox 326 1543 1532 1596; baseline -0.001 -13"><span class='ocrx_word' id='word_1_147' title='bbox 326 1547 550 1583; x_wconf 85' lang='lat' dir='ltr'><strong>orationem</strong></span> <span class='ocrx_word' id='word_1_148' title='bbox 570 1557 674 1591; x_wconf 85' lang='lat' dir='ltr'><strong>eam,</strong></span> <span class='ocrx_word' id='word_1_149' title='bbox 701 1543 754 1581; x_wconf 90' lang='lat' dir='ltr'><strong>de</strong></span> <span class='ocrx_word' id='word_1_150' title='bbox 783 1557 862 1595; x_wconf 85' lang='lat' dir='ltr'><strong>qua</strong></span> <span class='ocrx_word' id='word_1_151' title='bbox 891 1544 1011 1582; x_wconf 88' lang='lat' dir='ltr'><strong>hodie</strong></span> <span class='ocrx_word' id='word_1_152' title='bbox 1040 1545 1089 1582; x_wconf 87' lang='lat' dir='ltr'><strong>ad</strong></span> <span class='ocrx_word' id='word_1_153' title='bbox 1121 1550 1163 1583; x_wconf 85' lang='lat' dir='ltr'><strong>te</strong></span> <span class='ocrx_word' id='word_1_154' title='bbox 1192 1547 1343 1596; x_wconf 89' lang='lat' dir='ltr'><strong>scripsi,</strong></span> <span class='ocrx_word' id='word_1_155' title='bbox 1373 1544 1532 1596; x_wconf 81' lang='lat' dir='ltr'><strong>legeris.</strong></span> 
     </span>
     <span class='ocr_line' id='line_1_21' title="bbox 329 1608 1532 1659; baseline 0.001 -12"><span class='ocrx_word' id='word_1_156' title='bbox 329 1610 444 1658; x_wconf 82' lang='lat' dir='ltr'><strong>Quae</strong></span> <span class='ocrx_word' id='word_1_157' title='bbox 470 1609 522 1647; x_wconf 95' lang='lat' dir='ltr'><strong>de</strong></span> <span class='ocrx_word' id='word_1_158' title='bbox 552 1608 779 1659; x_wconf 87' lang='lat' dir='ltr'><strong>legionibus</strong></span> <span class='ocrx_word' id='word_1_159' title='bbox 807 1610 959 1656; x_wconf 87' lang='lat' dir='ltr'><strong>scribis,</strong></span> <span class='ocrx_word' id='word_1_160' title='bbox 989 1623 1036 1647; x_wconf 85' lang='lat' dir='ltr'><strong>ea</strong></span> <span class='ocrx_word' id='word_1_161' title='bbox 1066 1623 1158 1647; x_wconf 89' lang='lat' dir='ltr'><strong>vera</strong></span> <span class='ocrx_word' id='word_1_162' title='bbox 1186 1615 1292 1648; x_wconf 91' lang='lat' dir='ltr'><strong>sunt.</strong></span> <span class='ocrx_word' id='word_1_163' title='bbox 1351 1608 1434 1648; x_wconf 90' lang='lat' dir='ltr'><strong>Sed</strong></span> <span class='ocrx_word' id='word_1_164' title='bbox 1451 1621 1532 1647; x_wconf 86' lang='lat' dir='ltr'><strong>non</strong></span> 
     </span>
     <span class='ocr_line' id='line_1_22' title="bbox 328 1673 1534 1727; baseline -0.001 -14"><span class='ocrx_word' id='word_1_165' title='bbox 328 1678 424 1714; x_wconf 90' lang='lat' dir='ltr'><strong>satis</strong></span> <span class='ocrx_word' id='word_1_166' title='bbox 453 1674 529 1712; x_wconf 91' lang='lat' dir='ltr'><strong>hoc</strong></span> <span class='ocrx_word' id='word_1_167' title='bbox 557 1674 657 1711; x_wconf 86' lang='lat' dir='ltr'><strong>mihi</strong></span> <span class='ocrx_word' id='word_1_168' title='bbox 686 1674 832 1712; x_wconf 90' lang='lat' dir='ltr'><strong>videris</strong></span> <span class='ocrx_word' id='word_1_169' title='bbox 861 1675 935 1712; x_wconf 88' lang='lat' dir='ltr'><strong>tibi</strong></span> <span class='ocrx_word' id='word_1_170' title='bbox 965 1679 1221 1725; x_wconf 87' lang='lat' dir='ltr'><strong>persuasisse,</strong></span> <span class='ocrx_word' id='word_1_171' title='bbox 1240 1678 1309 1727; x_wconf 90' lang='lat' dir='ltr'><strong>qui</strong></span> <span class='ocrx_word' id='word_1_172' title='bbox 1331 1674 1384 1714; x_wconf 89' lang='lat' dir='ltr'><strong>de</strong></span> <span class='ocrx_word' id='word_1_173' title='bbox 1406 1673 1534 1713; x_wconf 85' lang='lat' dir='ltr'><strong>Buth-</strong></span> 
     </span>
     <span class='ocr_line' id='line_1_23' title="bbox 329 1738 1533 1792; baseline 0 -13"><span class='ocrx_word' id='word_1_174' title='bbox 329 1744 442 1779; x_wconf 90' lang='lat' dir='ltr'><strong>rotiis</strong></span> <span class='ocrx_word' id='word_1_175' title='bbox 461 1743 608 1778; x_wconf 89' lang='lat' dir='ltr'><strong>nostris</strong></span> <span class='ocrx_word' id='word_1_176' title='bbox 628 1753 700 1790; x_wconf 87' lang='lat' dir='ltr'><strong>per</strong></span> <span class='ocrx_word' id='word_1_177' title='bbox 720 1745 906 1778; x_wconf 88' lang='lat' dir='ltr'><strong>senatum</strong></span> <span class='ocrx_word' id='word_1_178' title='bbox 921 1754 1057 1791; x_wconf 85' lang='lat' dir='ltr'><strong>speres</strong></span> <span class='ocrx_word' id='word_1_179' title='bbox 1077 1741 1217 1778; x_wconf 85' lang='lat' dir='ltr'><strong>confici</strong></span> <span class='ocrx_word' id='word_1_180' title='bbox 1238 1753 1365 1792; x_wconf 89' lang='lat' dir='ltr'><strong>posse.</strong></span> <span class='ocrx_word' id='word_1_181' title='bbox 1414 1738 1533 1788; x_wconf 86' lang='lat' dir='ltr'><strong>Quod</strong></span> 
     </span>
    </p>
   </div>
   <div class='ocr_carea' id='block_1_5' title="bbox 37 863 305 903">
    <p class='ocr_par' dir='ltr' id='par_1_6' title="bbox 37 863 305 903">
     <span class='ocr_line' id='line_1_24' title="bbox 37 863 305 903; baseline -0.004 -2"><span class='ocrx_word' id='word_1_182' title='bbox 37 865 117 902; x_wconf 82' lang='lat' dir='ltr'><strong>Iun.</strong></span> <span class='ocrx_word' id='word_1_183' title='bbox 154 877 190 902; x_wconf 86' lang='lat' dir='ltr'><strong>a.</strong></span> <span class='ocrx_word' id='word_1_184' title='bbox 229 863 305 903; x_wconf 84' lang='lat'><strong>710</strong></span> 
     </span>
    </p>
   </div>
   <div class='ocr_carea' id='block_1_6' title="bbox 330 1804 1535 1989">
    <p class='ocr_par' dir='ltr' id='par_1_7' title="bbox 330 1804 1535 1989">
     <span class='ocr_line' id='line_1_25' title="bbox 330 1804 1532 1859; baseline -0.002 -14"><span class='ocrx_word' id='word_1_185' title='bbox 330 1812 430 1858; x_wconf 87' lang='lat' dir='ltr'><strong>puto</strong></span> <span class='ocrx_word' id='word_1_186' title='bbox 449 1806 628 1859; x_wconf 86' lang='lat' dir='ltr'><strong>(tantum</strong></span> <span class='ocrx_word' id='word_1_187' title='bbox 649 1809 757 1844; x_wconf 90' lang='lat' dir='ltr'><strong>enim</strong></span> <span class='ocrx_word' id='word_1_188' title='bbox 779 1804 915 1858; x_wconf 88' lang='lat' dir='ltr'><strong>video)</strong></span> <span class='ocrx_word' id='word_1_189' title='bbox 940 1819 1022 1844; x_wconf 88' lang='lat' dir='ltr'><strong>non</strong></span> <span class='ocrx_word' id='word_1_190' title='bbox 1051 1806 1234 1844; x_wconf 90' lang='lat' dir='ltr'><strong>videmur</strong></span> <span class='ocrx_word' id='word_1_191' title='bbox 1262 1819 1350 1844; x_wconf 89' lang='lat' dir='ltr'><strong>esse</strong></span> <span class='ocrx_word' id='word_1_192' title='bbox 1378 1806 1532 1853; x_wconf 88' lang='lat' dir='ltr'><strong>victuri,</strong></span> 
     </span>
     <span class='ocr_line' id='line_1_26' title="bbox 331 1870 1532 1919; baseline -0.001 -9"><span class='ocrx_word' id='word_1_193' title='bbox 331 1872 415 1919; x_wconf 93' lang='lat' dir='ltr'><strong>sed,</strong></span> <span class='ocrx_word' id='word_1_194' title='bbox 436 1877 482 1910; x_wconf 92' lang='lat' dir='ltr'><strong>ut</strong></span> <span class='ocrx_word' id='word_1_195' title='bbox 500 1874 579 1909; x_wconf 81' lang='lat' dir='ltr'><strong>iam</strong></span> <span class='ocrx_word' id='word_1_196' title='bbox 600 1885 672 1909; x_wconf 90' lang='lat' dir='ltr'><strong>nos</strong></span> <span class='ocrx_word' id='word_1_197' title='bbox 693 1871 768 1908; x_wconf 87' lang='lat' dir='ltr'><strong>hoc</strong></span> <span class='ocrx_word' id='word_1_198' title='bbox 789 1871 915 1917; x_wconf 78' lang='lat' dir='ltr'><strong>fallat,</strong></span> <span class='ocrx_word' id='word_1_199' title='bbox 936 1871 988 1910; x_wconf 90' lang='lat' dir='ltr'><strong>de</strong></span> <span class='ocrx_word' id='word_1_200' title='bbox 1008 1872 1209 1910; x_wconf 87' lang='lat' dir='ltr'><strong>Buthroto</strong></span> <span class='ocrx_word' id='word_1_201' title='bbox 1235 1877 1277 1910; x_wconf 89' lang='lat' dir='ltr'><strong>te</strong></span> <span class='ocrx_word' id='word_1_202' title='bbox 1302 1885 1385 1910; x_wconf 89' lang='lat' dir='ltr'><strong>non</strong></span> <span class='ocrx_word' id='word_1_203' title='bbox 1407 1870 1532 1910; x_wconf 80' lang='lat' dir='ltr'><strong>fallet.</strong></span> 
     </span>
     <span class='ocr_line' id='line_1_27' title="bbox 333 1936 1535 1989; baseline -0.001 -13"><span class='ocrx_word' id='word_1_204' title='bbox 333 1937 397 1976; x_wconf 92' lang='lat' dir='ltr'><strong>De</strong></span> <span class='ocrx_word' id='word_1_205' title='bbox 418 1937 563 1976; x_wconf 86' lang='lat' dir='ltr'><strong>Octavi</strong></span> <span class='ocrx_word' id='word_1_206' title='bbox 583 1940 771 1974; x_wconf 87' lang='lat' dir='ltr'><strong>contione</strong></span> <span class='ocrx_word' id='word_1_207' title='bbox 792 1936 901 1975; x_wconf 88' lang='lat' dir='ltr'><strong>idem</strong></span> <span class='ocrx_word' id='word_1_208' title='bbox 920 1939 1053 1976; x_wconf 86' lang='lat' dir='ltr'><strong>sentio</strong></span> <span class='ocrx_word' id='word_1_209' title='bbox 1071 1937 1179 1989; x_wconf 93' lang='lat' dir='ltr'><strong>quod</strong></span> <span class='ocrx_word' id='word_1_210' title='bbox 1195 1943 1253 1984; x_wconf 90' lang='lat' dir='ltr'><strong>tu,</strong></span> <span class='ocrx_word' id='word_1_211' title='bbox 1268 1936 1535 1989; x_wconf 87' lang='lat' dir='ltr'><strong>ludorumque</strong></span> 
     </span>
    </p>
   </div>
   <div class='ocr_carea' id='block_1_7' title="bbox 332 2023 1536 2101">
    <p class='ocr_par' dir='ltr' id='par_1_8' title="bbox 332 2023 1536 2101">
     <span class='ocr_line' id='line_1_28' title="bbox 376 2023 1536 2066; baseline 0.001 -11"><span class='ocrx_word' id='word_1_212' title='bbox 376 2023 387 2044; x_wconf 86' lang='lat'>¹</span> <span class='ocrx_word' id='word_1_213' title='bbox 410 2024 549 2056; x_wconf 81' lang='lat' dir='ltr'><strong>acutius</strong></span> <span class='ocrx_word' id='word_1_214' title='bbox 579 2023 609 2056; x_wconf 74' lang='lat' dir='ltr'><strong>ie</strong></span> <span class='ocrx_word' id='word_1_215' title='bbox 635 2023 804 2065; x_wconf 77' lang='lat' dir='ltr'><strong>probably</strong></span> <span class='ocrx_word' id='word_1_216' title='bbox 827 2034 849 2055; x_wconf 83' lang='lat' dir='ltr'><em>a</em></span> <span class='ocrx_word' id='word_1_217' title='bbox 879 2023 1077 2065; x_wconf 81' lang='lat' dir='ltr'><strong>corruption</strong></span> <span class='ocrx_word' id='word_1_218' title='bbox 1101 2023 1144 2065; x_wconf 88' lang='lat' dir='ltr'><strong>os</strong></span> <span class='ocrx_word' id='word_1_219' title='bbox 1169 2023 1212 2056; x_wconf 81' lang='lat' dir='ltr'><strong>ad</strong></span> <span class='ocrx_word' id='word_1_220' title='bbox 1244 2023 1317 2057; x_wconf 80' lang='lat' dir='ltr'><strong>and</strong></span> <span class='ocrx_word' id='word_1_221' title='bbox 1353 2034 1376 2056; x_wconf 85' lang='grc' dir='ltr'><strong><em>α</em></strong></span> <span class='ocrx_word' id='word_1_222' title='bbox 1406 2032 1536 2066; x_wconf 75' lang='lat' dir='ltr'><strong>proper</strong></span> 
     </span>
     <span class='ocr_line' id='line_1_29' title="bbox 332 2078 441 2101; baseline 0.009 -1"><span class='ocrx_word' id='word_1_223' title='bbox 332 2078 441 2101; x_wconf 80' lang='lat' dir='ltr'><strong>name.</strong></span> 
     </span>
    </p>
   </div>
   <div class='ocr_carea' id='block_1_8' title="bbox 335 2116 411 2153">
    <p class='ocr_par' dir='ltr' id='par_1_9' title="bbox 335 2116 411 2153">
     <span class='ocr_line' id='line_1_30' title="bbox 335 2116 411 2153; baseline -0.039 0"><span class='ocrx_word' id='word_1_224' title='bbox 335 2116 411 2153; x_wconf 76' lang='lat'><strong>298</strong></span> 
     </span>
    </p>
   </div>
  </div>
 </body>
</html>
