<?xml version="1.0" encoding="UTF-8"?>
<!DOCTYPE html PUBLIC "-//W3C//DTD XHTML 1.0 Transitional//EN"
    "http://www.w3.org/TR/xhtml1/DTD/xhtml1-transitional.dtd">
<html xmlns="http://www.w3.org/1999/xhtml" xml:lang="en" lang="en">
 <head>
  <title>
</title>
<meta http-equiv="Content-Type" content="text/html;charset=utf-8" />
  <meta name='ocr-system' content='tesseract 3.04.00' />
  <meta name='ocr-capabilities' content='ocr_page ocr_carea ocr_par ocr_line ocrx_word'/>
</head>
<body>
  <div class='ocr_page' id='page_1' title='image "./letterstoatticuswins03ciceuoft/letterstoatticuswins03ciceuoft_0242.png"; bbox 0 0 1572 2378; ppageno 0'>
   <div class='ocr_carea' id='block_1_1' title="bbox 586 140 1334 182">
    <p class='ocr_par' dir='ltr' id='par_1_1' title="bbox 586 140 1334 182">
     <span class='ocr_line' id='line_1_1' title="bbox 586 140 1334 182; baseline 0.005 -5"><span class='ocrx_word' id='word_1_1' title='bbox 586 140 813 179; x_wconf 89' lang='lat' dir='ltr'>MARCUS</span> <span class='ocrx_word' id='word_1_2' title='bbox 848 141 1095 181; x_wconf 88' lang='lat' dir='ltr'>TULLIUS</span> <span class='ocrx_word' id='word_1_3' title='bbox 1134 142 1334 182; x_wconf 83' lang='lat' dir='ltr'>CICERO</span> 
     </span>
    </p>
   </div>
   <div class='ocr_carea' id='block_1_2' title="bbox 346 227 1558 1206">
    <p class='ocr_par' dir='ltr' id='par_1_2' title="bbox 346 227 1558 992">
     <span class='ocr_line' id='line_1_2' title="bbox 353 227 1556 279; baseline 0.005 -14"><span class='ocrx_word' id='word_1_4' title='bbox 353 229 471 274; x_wconf 83' lang='lat' dir='ltr'>tueri,</span> <span class='ocrx_word' id='word_1_5' title='bbox 501 232 669 278; x_wconf 88' lang='lat' dir='ltr'>propter</span> <span class='ocrx_word' id='word_1_6' title='bbox 697 240 800 279; x_wconf 90' lang='lat' dir='ltr'>quae</span> <span class='ocrx_word' id='word_1_7' title='bbox 830 227 944 266; x_wconf 88' lang='lat' dir='ltr'>illum</span> <span class='ocrx_word' id='word_1_8' title='bbox 975 228 1217 268; x_wconf 87' lang='lat' dir='ltr'>oderamus?</span> <span class='ocrx_word' id='word_1_9' title='bbox 1255 232 1435 270; x_wconf 76' lang='lat' dir='ltr'><strong>etiamne</strong></span> <span class='ocrx_word' id='word_1_10' title='bbox 1463 245 1556 271; x_wconf 84' lang='lat' dir='ltr'>con-</span> 
     </span>
     <span class='ocr_line' id='line_1_3' title="bbox 351 299 1556 353; baseline 0.004 -16"><span class='ocrx_word' id='word_1_11' title='bbox 351 299 459 337; x_wconf 87' lang='lat' dir='ltr'>sules</span> <span class='ocrx_word' id='word_1_12' title='bbox 487 303 532 337; x_wconf 85' lang='lat' dir='ltr'>et</span> <span class='ocrx_word' id='word_1_13' title='bbox 558 299 743 337; x_wconf 84' lang='lat' dir='ltr'>tribunos</span> <span class='ocrx_word' id='word_1_14' title='bbox 771 299 826 350; x_wconf 86' lang='lat' dir='ltr'>pl.</span> <span class='ocrx_word' id='word_1_15' title='bbox 856 302 899 337; x_wconf 88' lang='lat' dir='ltr'>in</span> <span class='ocrx_word' id='word_1_16' title='bbox 927 300 1151 348; x_wconf 79' lang='lat' dir='ltr'>biennium,</span> <span class='ocrx_word' id='word_1_17' title='bbox 1178 314 1278 353; x_wconf 90' lang='lat' dir='ltr'>quos</span> <span class='ocrx_word' id='word_1_18' title='bbox 1305 301 1376 342; x_wconf 91' lang='lat' dir='ltr'>ille</span> <span class='ocrx_word' id='word_1_19' title='bbox 1403 303 1556 342; x_wconf 87' lang='lat' dir='ltr'>voluit?</span> 
     </span>
     <span class='ocr_line' id='line_1_4' title="bbox 353 369 1556 424; baseline 0.007 -17"><span class='ocrx_word' id='word_1_20' title='bbox 353 369 476 408; x_wconf 90' lang='lat' dir='ltr'>Nullo</span> <span class='ocrx_word' id='word_1_21' title='bbox 502 369 624 408; x_wconf 90' lang='lat' dir='ltr'>modo</span> <span class='ocrx_word' id='word_1_22' title='bbox 651 373 822 421; x_wconf 78' lang='lat' dir='ltr'>reperio,</span> <span class='ocrx_word' id='word_1_23' title='bbox 850 383 972 422; x_wconf 90' lang='lat' dir='ltr'>quem</span> <span class='ocrx_word' id='word_1_24' title='bbox 999 371 1051 410; x_wconf 86' lang='lat' dir='ltr'>ad</span> <span class='ocrx_word' id='word_1_25' title='bbox 1080 372 1246 410; x_wconf 90' lang='lat' dir='ltr'>modum</span> <span class='ocrx_word' id='word_1_26' title='bbox 1273 376 1422 424; x_wconf 88' lang='lat' dir='ltr'>possim</span> <span class='ocrx_word' id='word_1_27' title='bbox 1449 377 1556 415; x_wconf 85' lang='grc' dir='ltr'>πολι-</span> 
     </span>
     <span class='ocr_line' id='line_1_5' title="bbox 350 441 1557 497; baseline 0.003 -16"><span class='ocrx_word' id='word_1_28' title='bbox 350 442 534 482; x_wconf 84' lang='grc' dir='ltr'>τεύεσθαι.</span> <span class='ocrx_word' id='word_1_29' title='bbox 592 441 705 479; x_wconf 88' lang='lat' dir='ltr'>Nihil</span> <span class='ocrx_word' id='word_1_30' title='bbox 734 445 844 480; x_wconf 89' lang='lat' dir='ltr'>enim</span> <span class='ocrx_word' id='word_1_31' title='bbox 886 447 971 480; x_wconf 77' lang='lat' dir='ltr'>tam</span> <span class='ocrx_word' id='word_1_32' title='bbox 1010 443 1191 483; x_wconf 83' lang='grc' dir='ltr'>σόλοικον</span> <span class='ocrx_word' id='word_1_33' title='bbox 1219 457 1338 496; x_wconf 86' lang='lat' dir='ltr'>quam</span> <span class='ocrx_word' id='word_1_34' title='bbox 1366 450 1557 497; x_wconf 76' lang='lat' dir='ltr'>tyranno-</span> 
     </span>
     <span class='ocr_line' id='line_1_6' title="bbox 351 512 1557 564; baseline 0.005 -14"><span class='ocrx_word' id='word_1_35' title='bbox 351 518 492 551; x_wconf 90' lang='lat' dir='ltr'>ctonos</span> <span class='ocrx_word' id='word_1_36' title='bbox 511 514 553 550; x_wconf 89' lang='lat' dir='ltr'>in</span> <span class='ocrx_word' id='word_1_37' title='bbox 573 512 685 550; x_wconf 88' lang='lat' dir='ltr'>caelo</span> <span class='ocrx_word' id='word_1_38' title='bbox 700 525 801 560; x_wconf 88' lang='lat' dir='ltr'>esse,</span> <span class='ocrx_word' id='word_1_39' title='bbox 816 516 980 564; x_wconf 82' lang='lat' dir='ltr'><strong>tyranni</strong></span> <span class='ocrx_word' id='word_1_40' title='bbox 996 513 1104 552; x_wconf 88' lang='lat' dir='ltr'>facta</span> <span class='ocrx_word' id='word_1_41' title='bbox 1115 513 1294 554; x_wconf 90' lang='lat' dir='ltr'>defendi.</span> <span class='ocrx_word' id='word_1_42' title='bbox 1344 515 1425 555; x_wconf 90' lang='lat' dir='ltr'>Sed</span> <span class='ocrx_word' id='word_1_43' title='bbox 1445 516 1557 556; x_wconf 88' lang='lat' dir='ltr'>vides</span> 
     </span>
     <span class='ocr_line' id='line_1_7' title="bbox 350 583 1556 640; baseline 0.004 -18"><span class='ocrx_word' id='word_1_44' title='bbox 350 583 548 631; x_wconf 85' lang='lat' dir='ltr'>consules,</span> <span class='ocrx_word' id='word_1_45' title='bbox 585 583 699 622; x_wconf 91' lang='lat' dir='ltr'>vides</span> <span class='ocrx_word' id='word_1_46' title='bbox 736 583 912 635; x_wconf 87' lang='lat' dir='ltr'>reliquos</span> <span class='ocrx_word' id='word_1_47' title='bbox 949 587 1221 635; x_wconf 73' lang='lat' dir='ltr'>magistratus,</span> <span class='ocrx_word' id='word_1_48' title='bbox 1258 588 1291 624; x_wconf 90' lang='lat' dir='ltr'>si</span> <span class='ocrx_word' id='word_1_49' title='bbox 1327 589 1396 626; x_wconf 87' lang='lat' dir='ltr'>isti</span> <span class='ocrx_word' id='word_1_50' title='bbox 1430 591 1556 640; x_wconf 86' lang='lat' dir='ltr'>magi-</span> 
     </span>
     <span class='ocr_line' id='line_1_8' title="bbox 349 654 1557 706; baseline 0.003 -12"><span class='ocrx_word' id='word_1_51' title='bbox 349 660 512 702; x_wconf 80' lang='lat' dir='ltr'><strong>stratus,</strong></span> <span class='ocrx_word' id='word_1_52' title='bbox 526 654 639 693; x_wconf 89' lang='lat' dir='ltr'>vides</span> <span class='ocrx_word' id='word_1_53' title='bbox 652 654 890 706; x_wconf 84' lang='lat' dir='ltr'>languorem</span> <span class='ocrx_word' id='word_1_54' title='bbox 909 656 1117 694; x_wconf 90' lang='lat' dir='ltr'>bonorum.</span> <span class='ocrx_word' id='word_1_55' title='bbox 1166 656 1385 697; x_wconf 82' lang='lat' dir='ltr'>Exsultant</span> <span class='ocrx_word' id='word_1_56' title='bbox 1401 657 1557 698; x_wconf 86' lang='lat' dir='ltr'>laetitia</span> 
     </span>
     <span class='ocr_line' id='line_1_9' title="bbox 349 725 1556 783; baseline 0.006 -20"><span class='ocrx_word' id='word_1_57' title='bbox 349 728 391 764; x_wconf 91' lang='lat' dir='ltr'>in</span> <span class='ocrx_word' id='word_1_58' title='bbox 410 728 649 777; x_wconf 89' lang='lat' dir='ltr'>municipiis.</span> <span class='ocrx_word' id='word_1_59' title='bbox 708 725 800 764; x_wconf 94' lang='lat' dir='ltr'>Dici</span> <span class='ocrx_word' id='word_1_60' title='bbox 829 729 939 764; x_wconf 87' lang='lat' dir='ltr'>enim</span> <span class='ocrx_word' id='word_1_61' title='bbox 967 740 1050 765; x_wconf 90' lang='lat' dir='ltr'>non</span> <span class='ocrx_word' id='word_1_62' title='bbox 1077 732 1229 779; x_wconf 87' lang='lat' dir='ltr'>potest,</span> <span class='ocrx_word' id='word_1_63' title='bbox 1256 733 1409 781; x_wconf 87' lang='lat' dir='ltr'>quanto</span> <span class='ocrx_word' id='word_1_64' title='bbox 1433 742 1556 783; x_wconf 88' lang='lat' dir='ltr'>opere</span> 
     </span>
     <span class='ocr_line' id='line_1_10' title="bbox 346 797 1558 854; baseline 0.004 -18"><span class='ocrx_word' id='word_1_65' title='bbox 346 798 567 850; x_wconf 79' lang='lat' dir='ltr'>gaudeant,</span> <span class='ocrx_word' id='word_1_66' title='bbox 598 803 646 837; x_wconf 90' lang='lat' dir='ltr'>ut</span> <span class='ocrx_word' id='word_1_67' title='bbox 675 797 727 836; x_wconf 89' lang='lat' dir='ltr'>ad</span> <span class='ocrx_word' id='word_1_68' title='bbox 757 811 823 837; x_wconf 90' lang='lat' dir='ltr'>me</span> <span class='ocrx_word' id='word_1_69' title='bbox 855 804 1110 847; x_wconf 79' lang='lat' dir='ltr'>concurrant,</span> <span class='ocrx_word' id='word_1_70' title='bbox 1140 805 1188 839; x_wconf 87' lang='lat' dir='ltr'>ut</span> <span class='ocrx_word' id='word_1_71' title='bbox 1218 800 1359 840; x_wconf 86' lang='lat' dir='ltr'>audire</span> <span class='ocrx_word' id='word_1_72' title='bbox 1391 804 1558 854; x_wconf 75' lang='lat' dir='ltr'>cupiant</span> 
     </span>
     <span class='ocr_line' id='line_1_11' title="bbox 347 869 1555 921; baseline 0.005 -15"><span class='ocrx_word' id='word_1_73' title='bbox 347 883 438 907; x_wconf 86' lang='lat' dir='ltr'>mea</span> <span class='ocrx_word' id='word_1_74' title='bbox 467 870 588 907; x_wconf 85' lang='lat' dir='ltr'>verba</span> <span class='ocrx_word' id='word_1_75' title='bbox 615 869 668 907; x_wconf 89' lang='lat' dir='ltr'>de</span> <span class='ocrx_word' id='word_1_76' title='bbox 696 882 741 908; x_wconf 87' lang='lat' dir='ltr'>re</span> <span class='ocrx_word' id='word_1_77' title='bbox 769 882 807 921; x_wconf 85' lang='lat' dir='ltr'>p.</span> <span class='ocrx_word' id='word_1_78' title='bbox 866 869 955 908; x_wconf 92' lang='lat' dir='ltr'>Nec</span> <span class='ocrx_word' id='word_1_79' title='bbox 973 870 1056 908; x_wconf 87' lang='lat' dir='ltr'>ulla</span> <span class='ocrx_word' id='word_1_80' title='bbox 1074 872 1233 909; x_wconf 89' lang='lat' dir='ltr'>interea</span> <span class='ocrx_word' id='word_1_81' title='bbox 1255 871 1432 912; x_wconf 83' lang='lat' dir='ltr'>decreta.</span> <span class='ocrx_word' id='word_1_82' title='bbox 1489 873 1555 914; x_wconf 89' lang='lat' dir='ltr'>Sic</span> 
     </span>
     <span class='ocr_line' id='line_1_12' title="bbox 348 941 1306 992; baseline 0.004 -14"><span class='ocrx_word' id='word_1_83' title='bbox 348 943 457 979; x_wconf 91' lang='lat' dir='ltr'>enim</span> <span class='ocrx_word' id='word_1_84' title='bbox 477 941 786 992; x_wconf 82' lang='grc' dir='ltr'>πεπολιτεύμεθα,</span> <span class='ocrx_word' id='word_1_85' title='bbox 808 946 855 980; x_wconf 88' lang='lat' dir='ltr'>ut</span> <span class='ocrx_word' id='word_1_86' title='bbox 873 943 1000 980; x_wconf 88' lang='lat' dir='ltr'>victos</span> <span class='ocrx_word' id='word_1_87' title='bbox 1020 947 1306 982; x_wconf 80' lang='lat' dir='ltr'>metueremus.</span> 
     </span>
    </p>

    <p class='ocr_par' dir='ltr' id='par_1_3' title="bbox 346 1011 1557 1206">
     <span class='ocr_line' id='line_1_13' title="bbox 403 1011 1557 1068; baseline 0.003 -18"><span class='ocrx_word' id='word_1_88' title='bbox 403 1011 520 1051; x_wconf 87' lang='lat' dir='ltr'>Haec</span> <span class='ocrx_word' id='word_1_89' title='bbox 539 1011 591 1050; x_wconf 88' lang='lat' dir='ltr'>ad</span> <span class='ocrx_word' id='word_1_90' title='bbox 610 1017 654 1051; x_wconf 89' lang='lat' dir='ltr'>te</span> <span class='ocrx_word' id='word_1_91' title='bbox 673 1014 813 1064; x_wconf 89' lang='lat' dir='ltr'>scripsi</span> <span class='ocrx_word' id='word_1_92' title='bbox 832 1016 1017 1064; x_wconf 88' lang='lat' dir='ltr'>apposita</span> <span class='ocrx_word' id='word_1_93' title='bbox 1044 1013 1224 1052; x_wconf 85' lang='lat' dir='ltr'>secunda</span> <span class='ocrx_word' id='word_1_94' title='bbox 1249 1027 1413 1062; x_wconf 77' lang='lat' dir='ltr'>mensa3</span> <span class='ocrx_word' id='word_1_95' title='bbox 1441 1015 1557 1068; x_wconf 83' lang='lat' dir='ltr'>plura</span> 
     </span>
     <span class='ocr_line' id='line_1_14' title="bbox 347 1083 1555 1139; baseline 0.003 -17"><span class='ocrx_word' id='word_1_96' title='bbox 347 1087 392 1121; x_wconf 88' lang='lat' dir='ltr'>et</span> <span class='ocrx_word' id='word_1_97' title='bbox 423 1083 693 1134; x_wconf 87' lang='grc' dir='ltr'>πολιτικώτερα</span> <span class='ocrx_word' id='word_1_98' title='bbox 730 1087 884 1134; x_wconf 86' lang='lat' dir='ltr'>postea,</span> <span class='ocrx_word' id='word_1_99' title='bbox 921 1088 966 1122; x_wconf 91' lang='lat' dir='ltr'>et</span> <span class='ocrx_word' id='word_1_100' title='bbox 1002 1088 1062 1131; x_wconf 85' lang='lat' dir='ltr'>tu,</span> <span class='ocrx_word' id='word_1_101' title='bbox 1100 1084 1199 1135; x_wconf 90' lang='lat' dir='ltr'>quid</span> <span class='ocrx_word' id='word_1_102' title='bbox 1235 1098 1344 1137; x_wconf 85' lang='lat' dir='ltr'>agas,</span> <span class='ocrx_word' id='word_1_103' title='bbox 1376 1086 1555 1139; x_wconf 89' lang='lat' dir='ltr'>quidque</span> 
     </span>
     <span class='ocr_line' id='line_1_15' title="bbox 346 1159 501 1206; baseline 0.006 -15"><span class='ocrx_word' id='word_1_104' title='bbox 346 1159 501 1206; x_wconf 87' lang='lat' dir='ltr'>agatur.</span> 
     </span>
    </p>
   </div>
   <div class='ocr_carea' id='block_1_3' title="bbox 910 1266 985 1303">
    <p class='ocr_par' dir='ltr' id='par_1_4' title="bbox 910 1266 985 1303">
     <span class='ocr_line' id='line_1_16' title="bbox 910 1266 985 1303; baseline 0.013 -1"><span class='ocrx_word' id='word_1_105' title='bbox 910 1266 985 1303; x_wconf 93' lang='lat' dir='ltr'>VII</span> 
     </span>
    </p>
   </div>
   <div class='ocr_carea' id='block_1_4' title="bbox 744 1361 1160 1388">
    <p class='ocr_par' dir='ltr' id='par_1_5' title="bbox 744 1361 1160 1388">
     <span class='ocr_line' id='line_1_17' title="bbox 744 1361 1160 1388; baseline 0 -1"><span class='ocrx_word' id='word_1_106' title='bbox 744 1361 884 1387; x_wconf 80' lang='lat' dir='ltr'>CICERO</span> <span class='ocrx_word' id='word_1_107' title='bbox 914 1361 1054 1386; x_wconf 77' lang='lat' dir='ltr'>ATTlco</span> <span class='ocrx_word' id='word_1_108' title='bbox 1082 1362 1160 1388; x_wconf 76' lang='lat' dir='ltr'><strong>SAL.</strong></span> 
     </span>
    </p>
   </div>
   <div class='ocr_carea' id='block_1_5' title="bbox 60 1430 1554 2052">
    <p class='ocr_par' dir='ltr' id='par_1_6' title="bbox 60 1430 1554 1837">
     <span class='ocr_line' id='line_1_18' title="bbox 60 1430 1553 1472; baseline 0.002 -3"><span class='ocrx_word' id='word_1_109' title='bbox 60 1431 139 1470; x_wconf 87' lang='lat' dir='ltr'>Scr.</span> <span class='ocrx_word' id='word_1_110' title='bbox 169 1430 207 1468; x_wconf 73' lang='lat' dir='ltr'>in</span> <span class='ocrx_word' id='word_1_111' title='bbox 237 1431 329 1469; x_wconf 86' lang='lat' dir='ltr'>For-</span> <span class='ocrx_word' id='word_1_112' title='bbox 404 1431 602 1470; x_wconf 89' lang='lat' dir='ltr'>Postridie</span> <span class='ocrx_word' id='word_1_113' title='bbox 635 1430 732 1469; x_wconf 90' lang='lat' dir='ltr'>Idus</span> <span class='ocrx_word' id='word_1_114' title='bbox 764 1430 931 1468; x_wconf 89' lang='lat' dir='ltr'>Paulum</span> <span class='ocrx_word' id='word_1_115' title='bbox 962 1430 1124 1469; x_wconf 85' lang='lat' dir='ltr'>Caietae</span> <span class='ocrx_word' id='word_1_116' title='bbox 1153 1430 1246 1469; x_wconf 91' lang='lat' dir='ltr'>vidi.</span> <span class='ocrx_word' id='word_1_117' title='bbox 1307 1432 1345 1470; x_wconf 89' lang='lat' dir='ltr'>Is</span> <span class='ocrx_word' id='word_1_118' title='bbox 1373 1433 1474 1472; x_wconf 86' lang='lat' dir='ltr'>mihi</span> <span class='ocrx_word' id='word_1_119' title='bbox 1500 1433 1553 1472; x_wconf 89' lang='lat' dir='ltr'>de</span> 
     </span>
     <span class='ocr_line' id='line_1_19' title="bbox 60 1485 1554 1553; baseline 0.001 -12"><span class='ocrx_word' id='word_1_120' title='bbox 60 1485 182 1524; x_wconf 60' lang='lat' dir='ltr'>mium</span> <span class='ocrx_word' id='word_1_121' title='bbox 207 1485 242 1523; x_wconf 77' lang='grc' dir='ltr'><strong>Χ</strong></span> <span class='ocrx_word' id='word_1_122' title='bbox 252 1485 334 1523; x_wconf 77' lang='lat' dir='ltr'>VH</span> <span class='ocrx_word' id='word_1_123' title='bbox 350 1504 479 1542; x_wconf 88' lang='lat' dir='ltr'>Mario</span> <span class='ocrx_word' id='word_1_124' title='bbox 498 1508 541 1541; x_wconf 83' lang='lat' dir='ltr'>et</span> <span class='ocrx_word' id='word_1_125' title='bbox 560 1502 612 1541; x_wconf 90' lang='lat' dir='ltr'>de</span> <span class='ocrx_word' id='word_1_126' title='bbox 632 1515 676 1540; x_wconf 90' lang='lat' dir='ltr'>re</span> <span class='ocrx_word' id='word_1_127' title='bbox 695 1501 857 1553; x_wconf 89' lang='lat' dir='ltr'>publica</span> <span class='ocrx_word' id='word_1_128' title='bbox 874 1502 1073 1552; x_wconf 85' lang='lat' dir='ltr'>quaedam</span> <span class='ocrx_word' id='word_1_129' title='bbox 1095 1515 1192 1540; x_wconf 84' lang='lat' dir='ltr'>sane</span> <span class='ocrx_word' id='word_1_130' title='bbox 1213 1505 1396 1553; x_wconf 88' lang='lat' dir='ltr'>pessima.</span> <span class='ocrx_word' id='word_1_131' title='bbox 1455 1504 1492 1542; x_wconf 90' lang='lat' dir='ltr'><strong>A</strong></span> <span class='ocrx_word' id='word_1_132' title='bbox 1510 1509 1554 1543; x_wconf 88' lang='lat' dir='ltr'>te</span> 
     </span>
     <span class='ocr_line' id='line_1_20' title="bbox 63 1539 1553 1634; baseline 0.001 -21"><span class='ocrx_word' id='word_1_133' title='bbox 63 1539 230 1634; x_wconf 46' lang='lat' dir='ltr'><strong><em>ZOMM‘</em></strong></span> <span class='ocrx_word' id='word_1_134' title='bbox 254 1554 285 1577; x_wconf 72' lang='grc' dir='ltr'>α’</span> <span class='ocrx_word' id='word_1_135' title='bbox 347 1574 503 1614; x_wconf 87' lang='lat' dir='ltr'>scilicet</span> <span class='ocrx_word' id='word_1_136' title='bbox 534 1573 661 1619; x_wconf 81' lang='lat' dir='ltr'>nihi13</span> <span class='ocrx_word' id='word_1_137' title='bbox 702 1586 823 1611; x_wconf 89' lang='lat' dir='ltr'>nemo</span> <span class='ocrx_word' id='word_1_138' title='bbox 861 1576 970 1610; x_wconf 90' lang='lat' dir='ltr'>enim</span> <span class='ocrx_word' id='word_1_139' title='bbox 1008 1585 1200 1612; x_wconf 86' lang='lat' dir='ltr'>meorum.</span> <span class='ocrx_word' id='word_1_140' title='bbox 1267 1573 1350 1612; x_wconf 92' lang='lat' dir='ltr'>Sed</span> <span class='ocrx_word' id='word_1_141' title='bbox 1383 1573 1553 1614; x_wconf 87' lang='lat' dir='ltr'>Brutum</span> 
     </span>
     <span class='ocr_line' id='line_1_21' title="bbox 347 1642 1554 1684; baseline 0 0"><span class='ocrx_word' id='word_1_142' title='bbox 347 1650 531 1684; x_wconf 77' lang='lat' dir='ltr'>nostrum</span> <span class='ocrx_word' id='word_1_143' title='bbox 548 1643 668 1682; x_wconf 84' lang='lat' dir='ltr'>audio</span> <span class='ocrx_word' id='word_1_144' title='bbox 687 1645 814 1682; x_wconf 88' lang='lat' dir='ltr'>visum</span> <span class='ocrx_word' id='word_1_145' title='bbox 835 1643 910 1681; x_wconf 90' lang='lat' dir='ltr'>sub</span> <span class='ocrx_word' id='word_1_146' title='bbox 935 1642 1125 1682; x_wconf 84' lang='lat' dir='ltr'>Lanuvio.</span> <span class='ocrx_word' id='word_1_147' title='bbox 1187 1642 1267 1681; x_wconf 94' lang='lat' dir='ltr'>Ubi</span> <span class='ocrx_word' id='word_1_148' title='bbox 1294 1643 1462 1682; x_wconf 82' lang='lat' dir='ltr'>tandem</span> <span class='ocrx_word' id='word_1_149' title='bbox 1490 1651 1554 1684; x_wconf 88' lang='lat' dir='ltr'>est</span> 
     </span>
     <span class='ocr_line' id='line_1_22' title="bbox 346 1713 1553 1766; baseline 0.001 -11"><span class='ocrx_word' id='word_1_150' title='bbox 346 1716 534 1755; x_wconf 81' lang='lat' dir='ltr'>futurus?</span> <span class='ocrx_word' id='word_1_151' title='bbox 591 1713 696 1753; x_wconf 81' lang='lat' dir='ltr'>Nam</span> <span class='ocrx_word' id='word_1_152' title='bbox 722 1727 813 1753; x_wconf 92' lang='lat' dir='ltr'>cum</span> <span class='ocrx_word' id='word_1_153' title='bbox 839 1713 995 1766; x_wconf 86' lang='lat' dir='ltr'>reliqua</span> <span class='ocrx_word' id='word_1_154' title='bbox 1022 1719 1110 1752; x_wconf 85' lang='lat' dir='ltr'>tum</span> <span class='ocrx_word' id='word_1_155' title='bbox 1140 1713 1192 1753; x_wconf 90' lang='lat' dir='ltr'>de</span> <span class='ocrx_word' id='word_1_156' title='bbox 1221 1714 1297 1753; x_wconf 90' lang='lat' dir='ltr'>hoc</span> <span class='ocrx_word' id='word_1_157' title='bbox 1325 1717 1426 1754; x_wconf 88' lang='lat' dir='ltr'>scire</span> <span class='ocrx_word' id='word_1_158' title='bbox 1453 1729 1553 1756; x_wconf 86' lang='lat' dir='ltr'>aveo</span> 
     </span>
     <span class='ocr_line' id='line_1_23' title="bbox 343 1785 1553 1837; baseline 0.001 -11"><span class='ocrx_word' id='word_1_159' title='bbox 343 1789 489 1826; x_wconf 91' lang='lat' dir='ltr'>omnia.</span> <span class='ocrx_word' id='word_1_160' title='bbox 548 1786 636 1837; x_wconf 90' lang='lat' dir='ltr'>Ego</span> <span class='ocrx_word' id='word_1_161' title='bbox 666 1798 688 1824; x_wconf 89' lang='lat' dir='ltr'>e</span> <span class='ocrx_word' id='word_1_162' title='bbox 721 1785 933 1823; x_wconf 85' lang='lat' dir='ltr'>Formiano</span> <span class='ocrx_word' id='word_1_163' title='bbox 963 1788 1104 1824; x_wconf 89' lang='lat' dir='ltr'>exiens</span> <span class='ocrx_word' id='word_1_164' title='bbox 1137 1798 1216 1823; x_wconf 84' lang='lat' dir='ltr'>xvu</span> <span class='ocrx_word' id='word_1_165' title='bbox 1250 1785 1353 1834; x_wconf 63' lang='lat' dir='ltr'>Kal„</span> <span class='ocrx_word' id='word_1_166' title='bbox 1381 1791 1428 1826; x_wconf 90' lang='lat' dir='ltr'>ut</span> <span class='ocrx_word' id='word_1_167' title='bbox 1455 1787 1553 1827; x_wconf 84' lang='lat' dir='ltr'>inde</span> 
     </span>
    </p>

    <p class='ocr_par' dir='ltr' id='par_1_7' title="bbox 342 1855 1552 2052">
     <span class='ocr_line' id='line_1_24' title="bbox 342 1855 1212 1907; baseline -0.002 -10"><span class='ocrx_word' id='word_1_168' title='bbox 342 1858 472 1898; x_wconf 84' lang='lat' dir='ltr'>altero</span> <span class='ocrx_word' id='word_1_169' title='bbox 490 1858 557 1896; x_wconf 91' lang='lat' dir='ltr'>die</span> <span class='ocrx_word' id='word_1_170' title='bbox 577 1860 619 1895; x_wconf 90' lang='lat' dir='ltr'>in</span> <span class='ocrx_word' id='word_1_171' title='bbox 640 1855 922 1903; x_wconf 89' lang='lat' dir='ltr'>Puteolanum,</span> <span class='ocrx_word' id='word_1_172' title='bbox 942 1858 1081 1907; x_wconf 90' lang='lat' dir='ltr'>scripsi</span> <span class='ocrx_word' id='word_1_173' title='bbox 1101 1855 1212 1895; x_wconf 90' lang='lat' dir='ltr'>haec.</span> 
     </span>
     <span class='ocr_line' id='line_1_25' title="bbox 397 1927 1552 1979; baseline 0.002 -11"><span class='ocrx_word' id='word_1_174' title='bbox 397 1930 435 1968; x_wconf 90' lang='lat' dir='ltr'><strong>A</strong></span> <span class='ocrx_word' id='word_1_175' title='bbox 455 1929 648 1967; x_wconf 87' lang='lat' dir='ltr'>Cicerone</span> <span class='ocrx_word' id='word_1_176' title='bbox 667 1927 767 1965; x_wconf 90' lang='lat' dir='ltr'>mihi</span> <span class='ocrx_word' id='word_1_177' title='bbox 787 1927 950 1965; x_wconf 85' lang='lat' dir='ltr'>litterae</span> <span class='ocrx_word' id='word_1_178' title='bbox 977 1940 1073 1966; x_wconf 86' lang='lat' dir='ltr'>sane</span> <span class='ocrx_word' id='word_1_179' title='bbox 1098 1929 1347 1979; x_wconf 82' lang='grc' dir='ltr'>πεπινωμέναι</span> <span class='ocrx_word' id='word_1_180' title='bbox 1374 1934 1419 1969; x_wconf 81' lang='lat' dir='ltr'>et</span> <span class='ocrx_word' id='word_1_181' title='bbox 1447 1930 1552 1970; x_wconf 86' lang='lat' dir='ltr'>bene</span> 
     </span>
     <span class='ocr_line' id='line_1_26' title="bbox 342 1997 1552 2052; baseline 0 -12"><span class='ocrx_word' id='word_1_182' title='bbox 342 2001 499 2052; x_wconf 80' lang='lat' dir='ltr'>longae.</span> <span class='ocrx_word' id='word_1_183' title='bbox 557 1999 703 2037; x_wconf 86' lang='lat' dir='ltr'>Cetera</span> <span class='ocrx_word' id='word_1_184' title='bbox 730 2003 869 2036; x_wconf 90' lang='lat' dir='ltr'>autem</span> <span class='ocrx_word' id='word_1_185' title='bbox 898 1998 961 2036; x_wconf 90' lang='lat' dir='ltr'>vel</span> <span class='ocrx_word' id='word_1_186' title='bbox 991 1997 1088 2049; x_wconf 85' lang='lat' dir='ltr'>fingi</span> <span class='ocrx_word' id='word_1_187' title='bbox 1117 2004 1298 2049; x_wconf 89' lang='lat' dir='ltr'>possunt,</span> <span class='ocrx_word' id='word_1_188' title='bbox 1318 2000 1423 2043; x_wconf 77' lang='grc' dir='ltr'>πίνος</span> <span class='ocrx_word' id='word_1_189' title='bbox 1441 2000 1552 2040; x_wconf 84' lang='lat' dir='ltr'>litte-</span> 
     </span>
    </p>
   </div>
   <div class='ocr_carea' id='block_1_6' title="bbox 342 2069 1550 2170">
    <p class='ocr_par' dir='ltr' id='par_1_8' title="bbox 342 2069 1550 2170">
     <span class='ocr_line' id='line_1_27' title="bbox 342 2069 1550 2124; baseline 0.002 -14"><span class='ocrx_word' id='word_1_190' title='bbox 342 2085 475 2110; x_wconf 82' lang='lat' dir='ltr'>rarum</span> <span class='ocrx_word' id='word_1_191' title='bbox 503 2070 703 2122; x_wconf 85' lang='lat' dir='ltr'>siguificat</span> <span class='ocrx_word' id='word_1_192' title='bbox 724 2069 958 2108; x_wconf 86' lang='lat' dir='ltr'>doctiorem.</span> <span class='ocrx_word' id='word_1_193' title='bbox 1019 2070 1137 2108; x_wconf 92' lang='lat' dir='ltr'>Nunc</span> <span class='ocrx_word' id='word_1_194' title='bbox 1156 2083 1304 2122; x_wconf 83' lang='lat' dir='ltr'>magno</span> <span class='ocrx_word' id='word_1_195' title='bbox 1324 2085 1446 2124; x_wconf 85' lang='lat' dir='ltr'>opere</span> <span class='ocrx_word' id='word_1_196' title='bbox 1465 2086 1488 2111; x_wconf 79' lang='lat' dir='ltr'>a</span> <span class='ocrx_word' id='word_1_197' title='bbox 1506 2077 1550 2112; x_wconf 83' lang='lat' dir='ltr'>te</span> 
     </span>
     <span class='ocr_line' id='line_1_28' title="bbox 343 2129 422 2170; baseline 0 0"><span class='ocrx_word' id='word_1_198' title='bbox 343 2129 422 2170; x_wconf 74' lang='lat'>226</span> 
     </span>
    </p>
   </div>
  </div>
 </body>
</html>
