1546 2378
554 177 779 215 MARCUS
816 177 1061 216 TULLIUS
1100 177 1302 218 CICERO

322 268 501 315 graviter
532 264 686 312 dolere,
715 277 933 315 possumne
965 267 1106 316 magis,
1135 278 1257 317 quam
1284 266 1395 318 quod
1420 271 1530 307 totos

322 318 410 357 dies
439 332 632 357 consumo
662 321 703 356 in
734 318 910 358 litteris?
971 319 1093 368 Quod
1123 324 1200 358 etsi
1232 333 1314 359 non
1344 320 1529 361 dissimu-

324 373 496 420 lationis,
522 373 594 412 sed
620 376 754 425 potius
782 373 964 412 leniendi
993 379 1037 413 et
1065 374 1232 413 sanandi
1260 377 1384 413 animi
1411 389 1531 416 causa

323 428 438 474 facio,
459 433 611 475 tamen,
630 430 662 466 si
683 427 781 465 mihi
802 431 934 466 minus
955 428 1132 479 proficio,
1151 428 1398 468 simulationi
1416 436 1530 470 certe

323 482 426 519 facio
446 485 554 521 satis.

383 538 515 575 Minus
533 536 663 575 multa
679 536 730 574 ad
753 542 796 574 te
815 539 968 587 scripsi,
987 536 1096 588 quod
1125 538 1413 590 exspectabam
1437 543 1530 579 tuas

325 590 480 630 litteras
505 591 556 629 ad
583 604 664 637 eas,
689 604 788 642 quas
815 591 943 641 pridie
971 591 1177 630 dederam.
1234 592 1530 644 Exspectabam

322 652 460 684 autem
481 648 654 683 maxime
674 646 725 684 de
749 645 854 691 iano,
873 658 956 684 non
975 646 1077 684 nihil
1096 649 1221 685 etiam
1245 646 1299 686 de
1323 647 1527 688 Terentia.

326 700 455 737 Velim
477 713 541 738 me
562 700 683 737 facias
703 703 917 738 certiorem
941 703 1132 751 proximis
1156 700 1318 748 litteris,
1337 701 1409 741 Cn.
1431 701 1530 742 Cae-

323 757 403 805 pio,
417 754 609 793 Serviliae
629 755 769 792 Claudi
794 760 921 804 pater,
936 758 1078 793 vivone
1094 760 1210 806 patre
1228 768 1302 795 suo
1319 755 1531 809 naufragio

323 811 491 859 perierit
508 822 561 847 an
581 814 755 856 mortuo,
774 805 871 847 item
899 809 1048 847 Rutilia
1067 813 1212 848 vivone
1231 809 1275 848 C.
1296 809 1430 859 Cotta,
1447 811 1531 851 filio

323 876 409 910 su0,
423 869 582 902 mortua
595 866 649 902 sit
662 877 714 901 an
729 870 899 902 mortuo.
951 863 1165 903 Pertinent
1183 864 1234 902 ad
1255 878 1348 903 eum
1367 865 1529 914 librum,

323 931 444 968 quem
464 917 516 956 de
535 917 647 956 luctu
668 919 892 956 minuendo
911 921 1152 969 scripsimus.

877 1085 978 1124 XXI

721 1179 860 1203 cntssno
892 1179 1030 1203 ATTICO
1060 1179 1138 1205 SM„

40 1247 119 1286 Scr.
148 1247 309 1286 Asturae
382 1245 482 1297 Legi
514 1246 629 1284 Bruti
657 1245 873 1296 epistulam
893 1258 1064 1296 eamque
1084 1246 1156 1283 tibi
1177 1247 1312 1284 remisi
1332 1258 1430 1284 sane
1448 1258 1530 1284 non

42 1301 79 1340 X
86 1301 123 1340 V
123 1302 148 1340 I
161 1301 211 1340 K.
326 1301 552 1352 prudenter
563 1302 800 1351 rescriptam
812 1299 865 1338 ad
876 1312 937 1347 ea,
949 1312 1053 1351 quae
1066 1304 1315 1351 requisieras.
1350 1300 1432 1339 Sed
1444 1303 1531 1352 ipse

42 1356 135 1408 Apr.
155 1370 190 1395 a.
215 1358 292 1396 709
327 1355 486 1394 viderit.
530 1353 787 1406 Quamquam
805 1353 906 1392 illud
925 1356 1100 1405 turpiter
1118 1356 1290 1405 ignorat.
1334 1354 1531 1394 Catonem

326 1413 501 1461 primum
520 1411 768 1447 sententiam
788 1413 907 1459 putat
925 1408 978 1447 de
997 1408 1345 1447 animadversione
1367 1409 1530 1457 dixisse,

327 1478 447 1516 quam
462 1477 604 1502 omnes
623 1469 721 1502 ante
739 1463 927 1502 dixerant
946 1468 1109 1514 praeter
1127 1463 1353 1511 Caesarem,
1367 1469 1424 1512 et,
1437 1477 1531 1503 cum

325 1522 449 1571 ipsius
479 1518 657 1557 Caesaris
685 1523 770 1556 tam
797 1531 937 1556 severa
961 1517 1098 1565 fuerit,
1121 1520 1191 1569 qui
1215 1523 1306 1556 tum
1329 1521 1532 1569 praetorio

325 1573 414 1612 loco
432 1573 595 1620 dixerit,
610 1573 878 1611 consularium
898 1577 1018 1623 putat
1035 1572 1210 1610 leniores
1228 1571 1364 1618 fuisse,
1384 1572 1531 1620 Catuli,

325 1627 483 1675 Servili,
503 1627 776 1673 Lucullorum,
796 1626 991 1674 Curionis,
1011 1626 1218 1677 Torquati,
1234 1626 1392 1677 Lepidi,
1409 1626 1531 1675 Gelli,

326 1682 501 1729 Volcaci,
545 1681 691 1732 Figuli,
733 1681 892 1727 Cottae,
939 1680 983 1718 L.
1033 1680 1224 1728 Caesaris,
1271 1681 1313 1719 C.
1364 1680 1532 1730 Pisonis,

325 1736 396 1775 Μ’.
419 1735 660 1783 Glabrionis,
681 1738 805 1774 etiam
824 1735 964 1783 Silani,
989 1735 1199 1782 Murenae,
1227 1734 1530 1786 designatorum

325 1790 546 1829 consulum.
605 1790 685 1828 Cur
710 1802 808 1841 ergo
832 1792 875 1827 in
901 1792 1150 1828 sententiam
1176 1788 1368 1827 Catonis?
1425 1789 1532 1838 Quia

324 1846 458 1883 verbis
480 1844 815 1882 luculentioribus
835 1849 878 1882 et
896 1844 1078 1895 pluribus
1106 1856 1193 1882 rem
1221 1843 1396 1882 eandem
1422 1857 1530 1882 com-

324 1899 610 1951 prehenderat.
656 1899 726 1937 Me
745 1903 884 1937 autem
903 1898 969 1936 hic
987 1898 1139 1946 laudat,
1158 1897 1267 1950 quod
1287 1897 1530 1946 rettulerim,

370 2032 381 2052 ¹
405 2030 513 2065 Cotta
528 2041 601 2064 was
623 2041 646 2063 a
667 2029 869 2063 celebrated
893 2033 1023 2070 orator,
1043 2029 1113 2062 and
1137 2028 1221 2062 held
1243 2028 1306 2063 the
1329 2029 1532 2073 consulship

325 2075 361 2108 in
383 2075 424 2110 75
442 2084 510 2107 iac,
559 2074 627 2107 His
654 2074 794 2107 mother
818 2073 957 2107 Rutilia
980 2072 1148 2107 survived
1172 2073 1259 2114 him,
1276 2072 1466 2118 according
1492 2077 1531 2107 to

325 2118 455 2152 Seneca
471 2118 617 2158 (t'oneol.
637 2118 686 2151 ad
702 2117 878 2158 Helviam,
900 2118 951 2159 16,
971 2118 1015 2158 7).

325 2168 376 2200 42
