1592 2366
71 1585 148 1622 Scr.
173 1583 212 1622 in
243 1583 335 1622 Tus-

71 1638 203 1676 culano
221 1652 266 1677 m.

72 1693 195 1731 intere.
223 1696 316 1744 post.

73 1761 105 1785 a.
132 1748 209 1786 708

582 124 811 164 MARCUS
850 124 1094 164 TULLIUS
1135 124 1338 164 CICERO

352 211 435 251 dat.
493 212 624 252 Venio
650 212 702 251 ad
731 212 1041 265 Tyrannionem.
1100 213 1181 251 Ain
1209 214 1284 252 tu?
1317 226 1456 254 verum
1478 214 1556 253 hoe

353 277 446 325 fuit,
463 280 551 317 sine
570 278 665 317 me?
720 277 779 316 At
803 291 881 329 ego
905 280 1108 329 quotiens,
1126 292 1219 317 cum
1237 291 1370 318 essem
1390 281 1555 327 otiosus,

352 345 440 381 sine
458 348 502 382 te
521 348 661 382 tamen
679 342 818 381 nolui?
857 342 949 391 Quo
968 343 1088 381 modo
1103 343 1180 382 hoc
1195 357 1293 395 ergo
1307 343 1424 383 lues?
1462 343 1556 384 Uno

351 408 519 457 scilicet,
538 411 572 448 si
589 408 690 447 mihi
709 408 856 447 librum
876 411 1054 454 miseris;
1083 409 1192 462 quod
1213 415 1261 448 ut
1278 409 1413 458 facias,
1433 412 1555 450 etiam

351 480 475 526 atque
500 477 624 513 etiam
646 488 756 526 rogo.
814 474 902 513 Etsi
921 488 988 512 me
1008 487 1092 513 non
1109 478 1238 526 magis
1257 475 1361 514 liber
1379 478 1467 527 ipse
1485 475 1557 514 de-

351 539 533 587 lectabit,
552 553 672 591 quam
691 545 764 577 tua
781 538 994 578 admiratio
1023 538 1256 578 delectavit.
1315 540 1420 578 Amo
1447 542 1556 579 enim

352 607 473 646 πάντα
502 605 750 657 φιλειὸήμονσ.
779 610 906 658 teque
938 608 1057 644 istam
1089 611 1175 644 tam
1204 611 1374 645 tenuem
1404 607 1558 659 θεωρίαν

351 676 436 709 tam
453 670 572 710 valde
589 670 834 710 admiratum
856 683 944 710 esse
967 671 1136 722 gaudeo.
1196 671 1283 710 Etsi
1302 677 1374 710 tua
1392 671 1556 724 quidem

351 741 448 775 sunt
466 739 553 776 eius
571 736 682 775 modi
701 739 846 774 omnia.
903 736 1015 775 Scire
1035 739 1145 774 enim
1163 738 1246 782 vis;
1274 749 1354 788 quo
1373 750 1454 776 uno
1472 740 1558 776 ani-

351 815 440 840 mus
458 801 590 840 alitur.
649 801 744 849 Sed,
763 815 926 853 quaeso,
945 801 1042 853 quid
1063 815 1112 840 ex
1133 804 1211 840 ista
1228 807 1347 841 acuta
1375 807 1419 841 et
1446 805 1558 854 gravi

353 867 529 906 refertur
545 867 599 906 ad
616 868 753 909 τέλοςὲ

407 933 489 972 Sed
517 933 639 985 longa
665 935 794 972 oratio
822 938 899 981 est,
926 938 971 972 et
998 938 1043 972 tu
1073 938 1292 984 occupatus
1322 946 1366 972 es
1395 937 1437 972 in
1467 947 1558 973 meo

353 998 522 1038 fortasse
549 998 685 1051 aliquo
711 1001 889 1050 negotio.
948 998 1003 1037 Et
1029 1012 1102 1050 pro
1131 1001 1209 1037 isto
1236 1011 1325 1036 asso
1353 997 1451 1045 sole,
1477 1013 1558 1051 quo

352 1069 398 1103 tu
427 1065 574 1103 abusus
602 1077 646 1102 es
673 1066 717 1102 in
745 1068 883 1102 nostro
910 1063 1083 1115 pratulo,
1111 1077 1135 1101 a
1163 1068 1206 1102 te
1234 1062 1410 1102 nitidum
1431 1063 1556 1103 solem

354 1134 603 1181 unctumque
618 1134 861 1180 repetemus.
902 1128 984 1167 Sed
999 1128 1050 1167 ad
1065 1131 1194 1180 prima
1207 1128 1342 1168 redeo.
1379 1128 1557 1175 Librum,

354 1197 387 1233 si
405 1207 472 1233 me
490 1208 612 1242 amas,
631 1197 763 1233 mitte.
811 1195 922 1232 Tuus
942 1200 1004 1232 est
1024 1196 1133 1232 enim
1153 1194 1348 1245 profecto,
1369 1197 1556 1246 quoniam

355 1259 520 1311 quidem
540 1265 603 1298 est
621 1262 765 1297 missus
783 1259 833 1297 ad
854 1265 908 1297 te.

914 1416 995 1453 Vla

750 1505 889 1530 CICERO
919 1504 1059 1530 A'r‘rlco
1088 1505 1166 1530 SAL.

409 1573 436 1592 “
446 1569 653 1615 Chremes,
683 1574 899 1607 tantumne
932 1570 982 1606 ab
1013 1571 1055 1606 re
1086 1574 1157 1607 tua
1187 1574 1250 1607 est
1279 1571 1338 1607 oti
1366 1569 1480 1617 tibi,’'
1513 1575 1558 1608 ut

355 1636 479 1672 etiam
508 1635 722 1673 Oratorem
751 1634 891 1685 legas?
948 1634 1085 1672 Macte
1114 1635 1289 1672 virtute'
1346 1633 1448 1672 Mihi
1471 1637 1558 1686 qui-

355 1700 449 1738 dem
482 1705 656 1751 gratum,
687 1704 731 1738 et
764 1702 842 1738 erit
873 1702 1038 1751 gratius,
1072 1701 1104 1737 si
1137 1713 1219 1738 non
1252 1699 1372 1738 modo
1402 1701 1446 1737 in
1478 1705 1558 1738 tuis

355 1765 480 1812 libris,
494 1765 566 1803 sed
582 1767 705 1803 etiam
724 1767 766 1802 in
785 1764 953 1803 aliorum
976 1777 1048 1815 per
1067 1764 1247 1802 librarios
1261 1769 1352 1803 tuos
1372 1763 1558 1802 “Aristo-

354 1830 566 1881 phanem''
602 1832 827 1881 reposueris
859 1843 931 1881 pro
965 1830 1187 1880 “Eupoli.''
1245 1829 1390 1868 Caesar
1420 1835 1556 1868 autem

400 1930 413 1951 ²
439 1930 582 1962 Atticus
604 1929 673 1962 had
697 1928 780 1961 read
804 1929 865 1962 the
890 1929 978 1962 book
1004 1929 1040 1961 of
1063 1929 1254 1971 Tyrannio,
1273 1928 1387 1961 which
1411 1939 1482 1961 was
1506 1939 1555 1961 re-

357 1973 472 2006 ferruci
490 1977 528 2006 to
544 1973 580 2005 in
593 1982 658 2005 ΧΠ.
678 1973 710 2006 2.

399 2016 415 2037 ²
435 2016 558 2050 Cicero
573 2016 682 2049 refers
698 2019 736 2049 to
752 2015 814 2049 the
829 2015 1071 2049 introduction
1088 2015 1125 2048 of
1140 2015 1284 2049 Atticus
1300 2016 1334 2048 in
1353 2015 1407 2048 hin
1427 2015 1557 2049 Brutus

357 2060 431 2103 (24)
448 2060 484 2093 in
496 2060 638 2102 pratulo
650 2064 795 2102 propter
810 2059 968 2092 Platonis
984 2064 1135 2091 statuam
1152 2073 1160 2098 3
1182 2058 1249 2092 bnt.
1271 2059 1326 2091 hin
1350 2059 1512 2102 monning
1527 2059 1558 2092 is

364 2103 411 2143 16
