1572 2378
567 179 793 218 MARCUS
831 177 1075 217 TULLIUS
1114 177 1315 216 CICERO

393 268 457 307 De
486 267 652 319 Myrtilo
677 266 866 305 dilucide.
925 266 963 304 Ο
992 266 1132 317 quales
1160 271 1206 304 tu
1234 277 1396 317 semper
1421 266 1543 305 istos.

336 339 482 379 Itane?
512 342 554 377 in
575 339 624 376 D.
649 339 846 376 Brutum?
906 337 959 375 Di
979 337 1086 375 istis!
1146 337 1236 388 Ego
1254 349 1336 384 me,
1354 340 1402 375 ut
1419 337 1543 389 scrip-

335 423 478 458 seram,
492 413 534 448 in
548 410 837 460 Pompeianum
861 422 943 447 non
967 408 1119 455 abdidi,
1139 411 1269 459 primo
1287 409 1544 459 tempestati-

335 482 423 528 bus,
442 482 587 533 quibus
606 481 663 518 nil
683 483 876 526 taetrius;
904 479 1055 518 deinde
1075 480 1126 517 ab
1147 479 1371 517 Octaviano
1387 477 1542 525 ,cotidie

335 554 510 600 litterae,
538 558 586 592 ut
613 555 825 603 negotium
854 554 1113 602 susciperem,
1143 551 1320 602 Capuam
1349 539 1541 598 venirem,

336 628 483 664 iterum
498 639 584 663 rem
604 624 808 676 publicam
822 636 1037 670 servarem,
1055 623 1221 660 Romam
1235 625 1376 674 utique
1390 623 1540 662 statim.

120 722 208 756 Iliad,
223 722 318 750 v11.9s
447 718 468 734 ‘⁴
481 713 662 753 Αἴδεσθεν
679 714 748 762 μὲν
767 712 983 763 ἀνήνασθαι,
1004 711 1132 750 δεῖσαν
1151 709 1182 750 δ’
1201 709 1440 763 ὖποδέχθαι.”

337 785 378 841 ls
398 809 536 841 tamen
557 804 644 853 egit
670 814 767 839 sane
795 806 962 839 strenue
991 805 1034 838 et
1062 803 1156 850 agit.
1219 799 1385 837 Romam
1404 799 1543 838 veniet

334 889 425 913 cum
445 888 567 912 manu
587 887 744 924 magna,
767 873 839 911 sed
868 878 931 911 est
959 872 1079 923 plane
1109 885 1219 923 puer.
1280 871 1402 910 Putat
1427 883 1540 910 sena-

333 952 422 985 tum
442 948 590 984 statim.
650 944 751 991 Quis
771 945 937 982 veniet?
994 944 1035 983 Si
1066 946 1238 990 venerit,
1259 945 1347 995 quis
1375 944 1540 982 incertis

334 1018 454 1056 rebus
475 1016 655 1054 offendet
674 1015 929 1053 Antonium?
986 1014 1070 1053 Kal.
1095 1014 1250 1053 Ianuar.
1274 1016 1352 1052 erit
1371 1012 1540 1053 fortasse

333 1089 547 1140 praesidio,
584 1093 655 1125 aut
692 1086 856 1138 quidem
894 1091 990 1124 ante
1029 1085 1341 1136 depugnabitur·
1412 1084 1540 1138 Puero

332 1162 552 1211 municipia
578 1161 679 1197 mire
709 1157 859 1196 favent.
923 1157 1009 1195 Iter
1037 1159 1145 1194 enim
1175 1155 1327 1194 faciens
1355 1157 1398 1194 in
1426 1155 1538 1204 Sam-

333 1235 445 1271 nium
471 1233 584 1269 venit
613 1229 742 1276 Cales,
761 1231 910 1266 mansit
938 1228 1076 1265 Teani.
1136 1226 1306 1265 Mirifica
1333 1226 1540 1278 ἀπάντησις
1568 1246 1572 1269 ·;

333 1310 377 1343 et
396 1303 631 1342 cohortatio.
693 1302 785 1338 Hoc
803 1305 848 1339 tu
869 1299 1061 1351 putares?
1119 1298 1186 1337 Ob
1214 1298 1291 1336 hoc
1317 1312 1396 1350 ego
1421 1301 1540 1338 citius
1568 1297 1572 1330 ζ

337 1376 516 1422 Romam,
535 1386 656 1425 quam
685 1374 986 1410 constitueram.
1046 1369 1172 1409 Simul
1202 1374 1247 1408 et
1275 1372 1539 1422 constituero,

331 1448 513 1486 scribam.
1519 1483 1522 1485 Δ

388 1518 475 1556 Etsi
496 1515 676 1554 nondum
695 1514 978 1564 stipulationes
998 1512 1177 1563 legeram
1197 1511 1291 1562 <nec
1311 1514 1419 1550 enim
1439 1511 1539 1550 Eros
1570 1534 1572 1536 -

332 1587 532 1640 venerat),
570 1593 708 1625 tamen
746 1598 832 1623 rem
870 1584 999 1635 pridie
1044 1583 1140 1620 Idus
1177 1582 1298 1620 velim
1341 1581 1535 1627 conficias.
1571 1623 1572 1626 Ἰ

334 1660 537 1713 Epistulas
557 1658 755 1704 Catinam,
774 1656 1101 1701 Tauromenium,
1121 1653 1335 1705 Syracusas
1363 1646 1538 1693 commo-
1568 1669 1572 1673 ·

333 1734 423 1772 dius
461 1734 626 1769 mittere
665 1734 821 1779 potero,
859 1730 891 1765 si
926 1726 1110 1764 Valerius
1146 1728 1348 1776 interpres
1383 1724 1436 1763 ad
1470 1731 1538 1764 me

334 1806 498 1843 nomina
525 1803 790 1852 gratiosorum
810 1800 1025 1848 scripserit.
1087 1796 1165 1834 Alii
1186 1798 1294 1834 enim
1315 1799 1412 1834 sunt
1429 1794 1539 1850 alias,
1565 1783 1572 1850 Ξ

334 1878 541 1926 nostrique
575 1871 791 1910 familiares
821 1869 907 1907 fere
937 1868 1151 1907 demortui.
1212 1866 1376 1905 Publice
1399 1872 1572 1914 αωοιις

333 1949 485 1997 scripsi,
515 1947 547 1983 si
579 1945 637 1981 uti
670 1941 795 1979 vellet
825 1943 884 1978 eis
914 1939 1120 1984 Valerius;
1148 1943 1220 1976 aut
1248 1937 1348 1975 mihi
1376 1939 1539 1976 nomina
1564 1935 1572 1966 ³-

332 2021 528 2056 mitteret.

636 2117 649 2138 ¹
673 2116 718 2149 Of
733 2115 949 2158 attempting
966 2113 1141 2156 Antony's
1158 2112 1229 2146 life.

334 2169 412 2202 410
