<?xml version="1.0" encoding="UTF-8"?>
<!DOCTYPE html PUBLIC "-//W3C//DTD XHTML 1.0 Transitional//EN"
    "http://www.w3.org/TR/xhtml1/DTD/xhtml1-transitional.dtd">
<html xmlns="http://www.w3.org/1999/xhtml" xml:lang="en" lang="en">
 <head>
  <title>
</title>
<meta http-equiv="Content-Type" content="text/html;charset=utf-8" />
  <meta name='ocr-system' content='tesseract 3.04.00' />
  <meta name='ocr-capabilities' content='ocr_page ocr_carea ocr_par ocr_line ocrx_word'/>
</head>
<body>
  <div class='ocr_page' id='page_1' title='image "./letterstoatticuswins03ciceuoft_0132.png"; bbox 0 0 1572 2378; ppageno 0'>
   <div class='ocr_carea' id='block_1_1' title="bbox 543 149 1292 189">
    <p class='ocr_par' dir='ltr' id='par_1_1' title="bbox 543 149 1292 189">
     <span class='ocr_line' id='line_1_1' title="bbox 543 149 1292 189; baseline 0.001 -1"><span class='ocrx_word' id='word_1_1' title='bbox 543 149 770 189; x_wconf 85' lang='lat' dir='ltr'>MARCUS</span> <span class='ocrx_word' id='word_1_2' title='bbox 809 149 1053 189; x_wconf 90' lang='lat' dir='ltr'>TULLIUS</span> <span class='ocrx_word' id='word_1_3' title='bbox 1091 149 1292 189; x_wconf 86' lang='lat' dir='ltr'>CICERO</span> 
     </span>
    </p>
   </div>
   <div class='ocr_carea' id='block_1_2' title="bbox 901 289 936 327">
    <p class='ocr_par' dir='ltr' id='par_1_2' title="bbox 901 289 936 327">
     <span class='ocr_line' id='line_1_2' title="bbox 901 289 936 327; baseline 0 0"><span class='ocrx_word' id='word_1_4' title='bbox 901 289 936 327; x_wconf 94' lang='lat' dir='ltr'>V</span> 
     </span>
    </p>
   </div>
   <div class='ocr_carea' id='block_1_3' title="bbox 708 382 1124 408">
    <p class='ocr_par' dir='ltr' id='par_1_3' title="bbox 708 382 1124 408">
     <span class='ocr_line' id='line_1_3' title="bbox 708 382 1124 408; baseline 0.005 -2"><span class='ocrx_word' id='word_1_5' title='bbox 708 382 848 407; x_wconf 77' lang='lat' dir='ltr'>CICERO</span> <span class='ocrx_word' id='word_1_6' title='bbox 878 382 1018 408; x_wconf 79' lang='lat' dir='ltr'><strong>A’r&#39;rlco</strong></span> <span class='ocrx_word' id='word_1_7' title='bbox 1046 383 1124 408; x_wconf 78' lang='lat' dir='ltr'><strong>SAL.</strong></span> 
     </span>
    </p>
   </div>
   <div class='ocr_carea' id='block_1_4' title="bbox 27 446 1522 1081">
    <p class='ocr_par' dir='ltr' id='par_1_4' title="bbox 28 446 1517 499">
     <span class='ocr_line' id='line_1_4' title="bbox 28 446 1517 499; baseline 0.001 -14"><span class='ocrx_word' id='word_1_8' title='bbox 28 457 106 495; x_wconf 58' lang='lat' dir='ltr'><strong>Ser,</strong></span> <span class='ocrx_word' id='word_1_9' title='bbox 132 457 170 494; x_wconf 66' lang='lat' dir='ltr'><strong>in</strong></span> <span class='ocrx_word' id='word_1_10' title='bbox 201 457 295 494; x_wconf 60' lang='lat' dir='ltr'><strong>Tus-</strong></span> <span class='ocrx_word' id='word_1_11' title='bbox 368 446 435 499; x_wconf 94' lang='lat' dir='ltr'><strong>Sp.</strong></span> <span class='ocrx_word' id='word_1_12' title='bbox 470 448 710 486; x_wconf 90' lang='lat' dir='ltr'><strong>Mummium</strong></span> <span class='ocrx_word' id='word_1_13' title='bbox 745 454 930 499; x_wconf 86' lang='lat' dir='ltr'><strong>putaram</strong></span> <span class='ocrx_word' id='word_1_14' title='bbox 959 451 1001 486; x_wconf 88' lang='lat' dir='ltr'><strong>in</strong></span> <span class='ocrx_word' id='word_1_15' title='bbox 1031 449 1174 487; x_wconf 88' lang='lat' dir='ltr'><strong>decem</strong></span> <span class='ocrx_word' id='word_1_16' title='bbox 1205 448 1351 499; x_wconf 85' lang='lat' dir='ltr'><strong>legatis</strong></span> <span class='ocrx_word' id='word_1_17' title='bbox 1379 447 1517 494; x_wconf 79' lang='lat' dir='ltr'><strong>fuisse,</strong></span> 
     </span>
    </p>

    <p class='ocr_par' dir='ltr' id='par_1_5' title="bbox 27 511 1516 566">
     <span class='ocr_line' id='line_1_5' title="bbox 27 511 1516 566; baseline 0.003 -18"><span class='ocrx_word' id='word_1_18' title='bbox 27 511 159 549; x_wconf 71' lang='lat' dir='ltr'><strong>calano</strong></span> <span class='ocrx_word' id='word_1_19' title='bbox 179 511 242 549; x_wconf 93' lang='lat' dir='ltr'><strong>IV</strong></span> <span class='ocrx_word' id='word_1_20' title='bbox 314 513 387 551; x_wconf 88' lang='lat' dir='ltr'><strong>sed</strong></span> <span class='ocrx_word' id='word_1_21' title='bbox 402 514 593 552; x_wconf 91' lang='lat' dir='ltr'><strong>videlicet</strong></span> <span class='ocrx_word' id='word_1_22' title='bbox 610 517 779 564; x_wconf 82' lang='lat' dir='ltr'><strong>(etenim</strong></span> <span class='ocrx_word' id='word_1_23' title='bbox 796 515 968 566; x_wconf 77' lang='grc' dir='ltr'>εὔλογον)</span> <span class='ocrx_word' id='word_1_24' title='bbox 988 514 1103 553; x_wconf 79' lang='lat' dir='ltr'><strong>fratri</strong></span> <span class='ocrx_word' id='word_1_25' title='bbox 1117 514 1251 553; x_wconf 86' lang='lat' dir='ltr'><strong>fuisse.</strong></span> <span class='ocrx_word' id='word_1_26' title='bbox 1300 515 1396 554; x_wconf 78' lang='lat' dir='ltr'><strong>Fuit</strong></span> <span class='ocrx_word' id='word_1_27' title='bbox 1408 516 1516 554; x_wconf 87' lang='lat' dir='ltr'><strong>enim</strong></span> 
     </span>
    </p>

    <p class='ocr_par' dir='ltr' id='par_1_6' title="bbox 31 566 1516 632">
     <span class='ocr_line' id='line_1_6' title="bbox 31 566 1516 632; baseline 0.003 -17"><span class='ocrx_word' id='word_1_28' title='bbox 31 566 127 604; x_wconf 63' lang='lat' dir='ltr'><em>Non·</em></span> <span class='ocrx_word' id='word_1_29' title='bbox 151 566 231 604; x_wconf 63' lang='lat'><strong>[²⁴⁷2-</strong></span> <span class='ocrx_word' id='word_1_30' title='bbox 260 580 294 604; x_wconf 81' lang='lat'><strong>‘1-</strong></span> <span class='ocrx_word' id='word_1_31' title='bbox 314 579 365 617; x_wconf 87' lang='lat' dir='ltr'><strong>ad</strong></span> <span class='ocrx_word' id='word_1_32' title='bbox 385 579 636 620; x_wconf 81' lang='lat' dir='ltr'><strong>Corinthum.</strong></span> <span class='ocrx_word' id='word_1_33' title='bbox 695 581 788 618; x_wconf 90' lang='lat' dir='ltr'><strong>Misi</strong></span> <span class='ocrx_word' id='word_1_34' title='bbox 807 581 883 618; x_wconf 89' lang='lat' dir='ltr'><strong>tibi</strong></span> <span class='ocrx_word' id='word_1_35' title='bbox 901 580 1162 632; x_wconf 86' lang='lat' dir='ltr'><strong>Torquatum.</strong></span> <span class='ocrx_word' id='word_1_36' title='bbox 1219 579 1459 632; x_wconf 85' lang='lat' dir='ltr'><strong>Colloquere</strong></span> <span class='ocrx_word' id='word_1_37' title='bbox 1470 584 1516 619; x_wconf 81' lang='lat' dir='ltr'><strong>tu</strong></span> 
     </span>
    </p>

    <p class='ocr_par' dir='ltr' id='par_1_7' title="bbox 33 623 1522 1081">
     <span class='ocr_line' id='line_1_7' title="bbox 33 623 1516 697; baseline 0.003 -16"><span class='ocrx_word' id='word_1_38' title='bbox 33 623 109 660; x_wconf 78' lang='lat'><strong>709</strong></span> <span class='ocrx_word' id='word_1_39' title='bbox 314 645 480 696; x_wconf 89' lang='lat' dir='ltr'><strong>quidem</strong></span> <span class='ocrx_word' id='word_1_40' title='bbox 508 659 600 684; x_wconf 91' lang='lat' dir='ltr'><strong>cum</strong></span> <span class='ocrx_word' id='word_1_41' title='bbox 629 645 741 694; x_wconf 91' lang='lat' dir='ltr'><strong>Silio,</strong></span> <span class='ocrx_word' id='word_1_42' title='bbox 765 651 813 685; x_wconf 88' lang='lat' dir='ltr'><strong>ut</strong></span> <span class='ocrx_word' id='word_1_43' title='bbox 840 646 992 693; x_wconf 88' lang='lat' dir='ltr'><strong>scribis,</strong></span> <span class='ocrx_word' id='word_1_44' title='bbox 1013 651 1057 684; x_wconf 84' lang='lat' dir='ltr'><strong>et</strong></span> <span class='ocrx_word' id='word_1_45' title='bbox 1076 659 1215 697; x_wconf 88' lang='lat' dir='ltr'><strong>urgue.</strong></span> <span class='ocrx_word' id='word_1_46' title='bbox 1273 645 1391 684; x_wconf 86' lang='lat' dir='ltr'><strong>Illam</strong></span> <span class='ocrx_word' id='word_1_47' title='bbox 1408 645 1516 687; x_wconf 81' lang='lat' dir='ltr'><strong>diem</strong></span> 
     </span>
     <span class='ocr_line' id='line_1_8' title="bbox 314 711 1517 764; baseline 0.001 -15"><span class='ocrx_word' id='word_1_48' title='bbox 314 712 491 762; x_wconf 87' lang='lat' dir='ltr'><strong>negabat</strong></span> <span class='ocrx_word' id='word_1_49' title='bbox 519 725 607 750; x_wconf 89' lang='lat' dir='ltr'><strong>esse</strong></span> <span class='ocrx_word' id='word_1_50' title='bbox 635 725 776 750; x_wconf 91' lang='lat' dir='ltr'><strong>mense</strong></span> <span class='ocrx_word' id='word_1_51' title='bbox 806 711 928 759; x_wconf 83' lang='lat' dir='ltr'><strong>Maio,</strong></span> <span class='ocrx_word' id='word_1_52' title='bbox 951 714 1070 750; x_wconf 89' lang='lat' dir='ltr'><strong>istam</strong></span> <span class='ocrx_word' id='word_1_53' title='bbox 1089 725 1173 750; x_wconf 87' lang='lat' dir='ltr'><strong>non</strong></span> <span class='ocrx_word' id='word_1_54' title='bbox 1190 712 1380 764; x_wconf 84' lang='lat' dir='ltr'><strong>negabat.</strong></span> <span class='ocrx_word' id='word_1_55' title='bbox 1436 711 1517 752; x_wconf 83' lang='lat' dir='ltr'><strong>Sed</strong></span> 
     </span>
     <span class='ocr_line' id='line_1_9' title="bbox 314 777 1520 830; baseline 0.003 -16"><span class='ocrx_word' id='word_1_56' title='bbox 314 782 358 815; x_wconf 93' lang='lat' dir='ltr'><strong>tu</strong></span> <span class='ocrx_word' id='word_1_57' title='bbox 380 782 427 815; x_wconf 83' lang='lat' dir='ltr'><strong>ut</strong></span> <span class='ocrx_word' id='word_1_58' title='bbox 445 780 580 815; x_wconf 88' lang='lat' dir='ltr'><strong>omnia</strong></span> <span class='ocrx_word' id='word_1_59' title='bbox 597 780 701 816; x_wconf 88' lang='lat' dir='ltr'><strong>istuc</strong></span> <span class='ocrx_word' id='word_1_60' title='bbox 720 791 881 829; x_wconf 90' lang='lat' dir='ltr'><strong>quoque</strong></span> <span class='ocrx_word' id='word_1_61' title='bbox 899 791 996 829; x_wconf 89' lang='lat' dir='ltr'><strong>ages</strong></span> <span class='ocrx_word' id='word_1_62' title='bbox 1016 777 1247 829; x_wconf 82' lang='lat' dir='ltr'><strong>diligenter.</strong></span> <span class='ocrx_word' id='word_1_63' title='bbox 1297 778 1361 817; x_wconf 92' lang='lat' dir='ltr'><strong>De</strong></span> <span class='ocrx_word' id='word_1_64' title='bbox 1381 778 1520 830; x_wconf 81' lang='lat' dir='ltr'><strong>Crispo</strong></span> 
     </span>
     <span class='ocr_line' id='line_1_10' title="bbox 315 843 1518 895; baseline 0.002 -15"><span class='ocrx_word' id='word_1_65' title='bbox 315 849 358 880; x_wconf 88' lang='lat' dir='ltr'><strong>et</strong></span> <span class='ocrx_word' id='word_1_66' title='bbox 388 843 566 881; x_wconf 80' lang='lat' dir='ltr'><strong>Mustela</strong></span> <span class='ocrx_word' id='word_1_67' title='bbox 594 844 764 891; x_wconf 86' lang='lat' dir='ltr'><strong>scilicet,</strong></span> <span class='ocrx_word' id='word_1_68' title='bbox 791 857 884 882; x_wconf 93' lang='lat' dir='ltr'><strong>cum</strong></span> <span class='ocrx_word' id='word_1_69' title='bbox 913 843 1011 895; x_wconf 90' lang='lat' dir='ltr'><strong>quid</strong></span> <span class='ocrx_word' id='word_1_70' title='bbox 1041 847 1183 895; x_wconf 86' lang='lat' dir='ltr'><strong>egeris.</strong></span> <span class='ocrx_word' id='word_1_71' title='bbox 1241 843 1444 893; x_wconf 85' lang='lat' dir='ltr'><strong>Quoniam</strong></span> <span class='ocrx_word' id='word_1_72' title='bbox 1467 844 1518 883; x_wconf 75' lang='lat' dir='ltr'><strong>ad</strong></span> 
     </span>
     <span class='ocr_line' id='line_1_11' title="bbox 318 909 1520 962; baseline 0.002 -15"><span class='ocrx_word' id='word_1_73' title='bbox 318 910 430 948; x_wconf 89' lang='lat' dir='ltr'><strong>Bruti</strong></span> <span class='ocrx_word' id='word_1_74' title='bbox 449 910 671 948; x_wconf 86' lang='lat' dir='ltr'><strong>adventum</strong></span> <span class='ocrx_word' id='word_1_75' title='bbox 690 909 778 949; x_wconf 86' lang='lat' dir='ltr'><strong>fore</strong></span> <span class='ocrx_word' id='word_1_76' title='bbox 796 916 840 948; x_wconf 90' lang='lat' dir='ltr'><strong>te</strong></span> <span class='ocrx_word' id='word_1_77' title='bbox 860 911 1070 949; x_wconf 88' lang='lat' dir='ltr'><strong>nobiscum</strong></span> <span class='ocrx_word' id='word_1_78' title='bbox 1094 910 1311 962; x_wconf 85' lang='lat' dir='ltr'><strong>polliceris,</strong></span> <span class='ocrx_word' id='word_1_79' title='bbox 1329 914 1426 950; x_wconf 84' lang='lat' dir='ltr'><strong>satis</strong></span> <span class='ocrx_word' id='word_1_80' title='bbox 1444 916 1520 959; x_wconf 78' lang='lat' dir='ltr'><strong>est,</strong></span> 
     </span>
     <span class='ocr_line' id='line_1_12' title="bbox 315 975 1522 1029; baseline 0.002 -16"><span class='ocrx_word' id='word_1_81' title='bbox 315 978 552 1026; x_wconf 86' lang='lat' dir='ltr'><strong>praesertim</strong></span> <span class='ocrx_word' id='word_1_82' title='bbox 572 989 663 1013; x_wconf 91' lang='lat' dir='ltr'><strong>cum</strong></span> <span class='ocrx_word' id='word_1_83' title='bbox 684 975 726 1013; x_wconf 86' lang='lat' dir='ltr'><strong>hi</strong></span> <span class='ocrx_word' id='word_1_84' title='bbox 745 976 820 1014; x_wconf 91' lang='lat' dir='ltr'><strong>tibi</strong></span> <span class='ocrx_word' id='word_1_85' title='bbox 841 975 928 1014; x_wconf 92' lang='lat' dir='ltr'><strong>dies</strong></span> <span class='ocrx_word' id='word_1_86' title='bbox 947 979 990 1014; x_wconf 91' lang='lat' dir='ltr'><strong>in</strong></span> <span class='ocrx_word' id='word_1_87' title='bbox 1012 989 1162 1027; x_wconf 87' lang='lat' dir='ltr'><strong>magno</strong></span> <span class='ocrx_word' id='word_1_88' title='bbox 1190 982 1329 1016; x_wconf 84' lang='lat' dir='ltr'><strong>nostro</strong></span> <span class='ocrx_word' id='word_1_89' title='bbox 1355 979 1522 1029; x_wconf 79' lang='lat' dir='ltr'><strong>negotio</strong></span> 
     </span>
     <span class='ocr_line' id='line_1_13' title="bbox 315 1047 615 1081; baseline 0.003 -2"><span class='ocrx_word' id='word_1_90' title='bbox 315 1047 615 1081; x_wconf 83' lang='lat' dir='ltr'><strong>consumantur.</strong></span> 
     </span>
    </p>
   </div>
   <div class='ocr_carea' id='block_1_5' title="bbox 890 1188 945 1225">
    <p class='ocr_par' dir='ltr' id='par_1_8' title="bbox 890 1188 945 1225">
     <span class='ocr_line' id='line_1_14' title="bbox 890 1188 945 1225; baseline 0.036 -2"><span class='ocrx_word' id='word_1_91' title='bbox 890 1188 945 1225; x_wconf 86' lang='lat' dir='ltr'><strong>VI</strong></span> 
     </span>
    </p>
   </div>
   <div class='ocr_carea' id='block_1_6' title="bbox 714 1280 1131 1306">
    <p class='ocr_par' dir='ltr' id='par_1_9' title="bbox 714 1280 1131 1306">
     <span class='ocr_line' id='line_1_15' title="bbox 714 1280 1131 1306; baseline 0 0"><span class='ocrx_word' id='word_1_92' title='bbox 714 1280 854 1306; x_wconf 67' lang='lat' dir='ltr'><strong>emeno</strong></span> <span class='ocrx_word' id='word_1_93' title='bbox 885 1281 1024 1306; x_wconf 75' lang='lat' dir='ltr'><strong>AT&#39;rlco</strong></span> <span class='ocrx_word' id='word_1_94' title='bbox 1054 1282 1094 1306; x_wconf 79' lang='lat' dir='ltr'><strong>SA</strong></span> <span class='ocrx_word' id='word_1_95' title='bbox 1101 1281 1131 1306; x_wconf 67' lang='lat'><strong>1..</strong></span> 
     </span>
    </p>
   </div>
   <div class='ocr_carea' id='block_1_7' title="bbox 33 1347 1528 1925">
    <p class='ocr_par' dir='ltr' id='par_1_10' title="bbox 33 1347 1528 1925">
     <span class='ocr_line' id='line_1_16' title="bbox 33 1347 1524 1399; baseline 0.003 -15"><span class='ocrx_word' id='word_1_96' title='bbox 33 1361 111 1399; x_wconf 52' lang='lat' dir='ltr'><strong><em>Ser·</em></strong></span> <span class='ocrx_word' id='word_1_97' title='bbox 143 1361 302 1398; x_wconf 63' lang='lat' dir='ltr'><strong>Asturae</strong></span> <span class='ocrx_word' id='word_1_98' title='bbox 376 1347 439 1386; x_wconf 91' lang='lat' dir='ltr'><strong>De</strong></span> <span class='ocrx_word' id='word_1_99' title='bbox 458 1360 587 1399; x_wconf 85' lang='lat' dir='ltr'><strong>aquae</strong></span> <span class='ocrx_word' id='word_1_100' title='bbox 606 1347 734 1386; x_wconf 82' lang='lat' dir='ltr'><strong>ductu</strong></span> <span class='ocrx_word' id='word_1_101' title='bbox 754 1349 879 1399; x_wconf 82' lang='lat' dir='ltr'><strong>probe</strong></span> <span class='ocrx_word' id='word_1_102' title='bbox 902 1347 1045 1386; x_wconf 88' lang='lat' dir='ltr'><strong>fecisti.</strong></span> <span class='ocrx_word' id='word_1_103' title='bbox 1105 1348 1404 1388; x_wconf 82' lang='lat' dir='ltr'><strong>columnarium</strong></span> <span class='ocrx_word' id='word_1_104' title='bbox 1433 1349 1524 1389; x_wconf 84' lang='lat' dir='ltr'><strong>vide</strong></span> 
     </span>
     <span class='ocr_line' id='line_1_17' title="bbox 33 1413 1525 1465; baseline 0.001 -12"><span class='ocrx_word' id='word_1_105' title='bbox 33 1414 124 1453; x_wconf 83' lang='lat' dir='ltr'><strong>med.</strong></span> <span class='ocrx_word' id='word_1_106' title='bbox 145 1428 191 1452; x_wconf 88' lang='lat' dir='ltr'><strong>m.</strong></span> <span class='ocrx_word' id='word_1_107' title='bbox 321 1428 372 1452; x_wconf 87' lang='lat' dir='ltr'><strong>ne</strong></span> <span class='ocrx_word' id='word_1_108' title='bbox 388 1413 545 1451; x_wconf 88' lang='lat' dir='ltr'><strong>nullum</strong></span> <span class='ocrx_word' id='word_1_109' title='bbox 559 1413 804 1458; x_wconf 87' lang='lat' dir='ltr'><strong>debeamus;</strong></span> <span class='ocrx_word' id='word_1_110' title='bbox 833 1426 1075 1465; x_wconf 86' lang='lat' dir='ltr'><strong>quamquam</strong></span> <span class='ocrx_word' id='word_1_111' title='bbox 1096 1414 1195 1451; x_wconf 85' lang='lat' dir='ltr'><strong>mihi</strong></span> <span class='ocrx_word' id='word_1_112' title='bbox 1216 1414 1355 1453; x_wconf 84' lang='lat' dir='ltr'><strong>videor</strong></span> <span class='ocrx_word' id='word_1_113' title='bbox 1367 1414 1525 1455; x_wconf 74' lang='lat' dir='ltr'><strong>audisse</strong></span> 
     </span>
     <span class='ocr_line' id='line_1_18' title="bbox 34 1468 1528 1532; baseline 0.003 -16"><span class='ocrx_word' id='word_1_114' title='bbox 34 1468 168 1531; x_wconf 69' lang='lat' dir='ltr'><strong>Mart„</strong></span> <span class='ocrx_word' id='word_1_115' title='bbox 187 1473 226 1506; x_wconf 67' lang='lat'><strong>²⁴²</strong></span> <span class='ocrx_word' id='word_1_116' title='bbox 320 1495 343 1517; x_wconf 87' lang='lat' dir='ltr'><strong>a</strong></span> <span class='ocrx_word' id='word_1_117' title='bbox 363 1479 531 1517; x_wconf 91' lang='lat' dir='ltr'><strong>Camillo</strong></span> <span class='ocrx_word' id='word_1_118' title='bbox 551 1484 841 1517; x_wconf 83' lang='lat' dir='ltr'><strong>commutatam</strong></span> <span class='ocrx_word' id='word_1_119' title='bbox 870 1492 958 1517; x_wconf 90' lang='lat' dir='ltr'><strong>esse</strong></span> <span class='ocrx_word' id='word_1_120' title='bbox 987 1479 1132 1530; x_wconf 89' lang='lat' dir='ltr'><strong>legem.</strong></span> <span class='ocrx_word' id='word_1_121' title='bbox 1195 1480 1328 1518; x_wconf 88' lang='lat' dir='ltr'><strong>Pisoni</strong></span> <span class='ocrx_word' id='word_1_122' title='bbox 1346 1480 1446 1532; x_wconf 88' lang='lat' dir='ltr'><strong>quid</strong></span> <span class='ocrx_word' id='word_1_123' title='bbox 1463 1486 1528 1520; x_wconf 81' lang='lat' dir='ltr'><strong>est</strong></span> 
     </span>
     <span class='ocr_line' id='line_1_19' title="bbox 36 1523 1525 1617; baseline 0.003 -35"><span class='ocrx_word' id='word_1_124' title='bbox 36 1523 188 1617; x_wconf 45' lang='lat' dir='ltr'><strong>gaggan</strong></span> <span class='ocrx_word' id='word_1_125' title='bbox 210 1536 245 1561; x_wconf 67' lang='grc' dir='ltr'><strong>α·</strong></span> <span class='ocrx_word' id='word_1_126' title='bbox 321 1545 428 1597; x_wconf 92' lang='lat' dir='ltr'><strong>quod</strong></span> <span class='ocrx_word' id='word_1_127' title='bbox 442 1545 650 1583; x_wconf 89' lang='lat' dir='ltr'><strong>honestius</strong></span> <span class='ocrx_word' id='word_1_128' title='bbox 664 1545 910 1596; x_wconf 88' lang='lat' dir='ltr'><strong>respondere</strong></span> <span class='ocrx_word' id='word_1_129' title='bbox 926 1548 1123 1596; x_wconf 88' lang='lat' dir='ltr'><strong>possimus</strong></span> <span class='ocrx_word' id='word_1_130' title='bbox 1134 1559 1254 1597; x_wconf 88' lang='lat' dir='ltr'><strong>quam</strong></span> <span class='ocrx_word' id='word_1_131' title='bbox 1266 1547 1525 1586; x_wconf 84' lang='lat' dir='ltr'><strong>solitudinem</strong></span> 
     </span>
     <span class='ocr_line' id='line_1_20' title="bbox 321 1610 1525 1661; baseline 0.002 -12"><span class='ocrx_word' id='word_1_132' title='bbox 321 1611 484 1649; x_wconf 87' lang='lat' dir='ltr'><strong>Catonis</strong></span> <span class='ocrx_word' id='word_1_133' title='bbox 498 1612 513 1648; x_wconf 85' lang='lat'>?</span> <span class='ocrx_word' id='word_1_134' title='bbox 536 1610 624 1648; x_wconf 90' lang='lat' dir='ltr'><strong>Nec</strong></span> <span class='ocrx_word' id='word_1_135' title='bbox 637 1610 711 1648; x_wconf 80' lang='lat' dir='ltr'><strong>de¹</strong></span> <span class='ocrx_word' id='word_1_136' title='bbox 727 1610 995 1649; x_wconf 84' lang='lat' dir='ltr'><strong>coheredibus</strong></span> <span class='ocrx_word' id='word_1_137' title='bbox 1007 1610 1137 1649; x_wconf 92' lang='lat' dir='ltr'><strong>solum</strong></span> <span class='ocrx_word' id='word_1_138' title='bbox 1153 1612 1441 1661; x_wconf 76' lang='lat' dir='ltr'><strong>Herennianis,</strong></span> <span class='ocrx_word' id='word_1_139' title='bbox 1451 1612 1525 1652; x_wconf 86' lang='lat' dir='ltr'><strong>sed</strong></span> 
     </span>
     <span class='ocr_line' id='line_1_21' title="bbox 320 1677 1526 1729; baseline 0.003 -15"><span class='ocrx_word' id='word_1_140' title='bbox 320 1680 459 1724; x_wconf 83' lang='lat' dir='ltr'><strong>etiam,</strong></span> <span class='ocrx_word' id='word_1_141' title='bbox 477 1681 525 1715; x_wconf 86' lang='lat' dir='ltr'><strong>ut</strong></span> <span class='ocrx_word' id='word_1_142' title='bbox 542 1679 619 1715; x_wconf 89' lang='lat' dir='ltr'><strong>scis</strong></span> <span class='ocrx_word' id='word_1_143' title='bbox 639 1679 701 1726; x_wconf 86' lang='lat' dir='ltr'><strong>(tu</strong></span> <span class='ocrx_word' id='word_1_144' title='bbox 722 1679 832 1714; x_wconf 88' lang='lat' dir='ltr'><strong>enim</strong></span> <span class='ocrx_word' id='word_1_145' title='bbox 850 1689 1011 1714; x_wconf 89' lang='lat' dir='ltr'><strong>mecum</strong></span> <span class='ocrx_word' id='word_1_146' title='bbox 1031 1679 1182 1728; x_wconf 84' lang='lat' dir='ltr'><strong>egisti),</strong></span> <span class='ocrx_word' id='word_1_147' title='bbox 1211 1677 1264 1716; x_wconf 90' lang='lat' dir='ltr'><strong>de</strong></span> <span class='ocrx_word' id='word_1_148' title='bbox 1291 1691 1418 1729; x_wconf 86' lang='lat' dir='ltr'><strong>puero</strong></span> <span class='ocrx_word' id='word_1_149' title='bbox 1446 1677 1526 1718; x_wconf 89' lang='lat' dir='ltr'><strong>Lu-</strong></span> 
     </span>
     <span class='ocr_line' id='line_1_22' title="bbox 320 1741 1525 1795; baseline 0.003 -15"><span class='ocrx_word' id='word_1_150' title='bbox 320 1742 438 1789; x_wconf 85' lang='lat' dir='ltr'><strong>cullo,</strong></span> <span class='ocrx_word' id='word_1_151' title='bbox 458 1746 579 1794; x_wconf 88' lang='lat' dir='ltr'><strong>quam</strong></span> <span class='ocrx_word' id='word_1_152' title='bbox 598 1744 811 1793; x_wconf 90' lang='lat' dir='ltr'><strong>pecuniam</strong></span> <span class='ocrx_word' id='word_1_153' title='bbox 831 1746 944 1780; x_wconf 88' lang='lat' dir='ltr'><strong>tutor</strong></span> <span class='ocrx_word' id='word_1_154' title='bbox 963 1741 1075 1794; x_wconf 87' lang='lat' dir='ltr'><strong>(nam</strong></span> <span class='ocrx_word' id='word_1_155' title='bbox 1096 1742 1171 1780; x_wconf 93' lang='lat' dir='ltr'><strong>hoc</strong></span> <span class='ocrx_word' id='word_1_156' title='bbox 1190 1755 1351 1795; x_wconf 89' lang='lat' dir='ltr'><strong>quoque</strong></span> <span class='ocrx_word' id='word_1_157' title='bbox 1369 1743 1422 1783; x_wconf 78' lang='lat' dir='ltr'><strong>ad</strong></span> <span class='ocrx_word' id='word_1_158' title='bbox 1440 1757 1525 1784; x_wconf 83' lang='lat' dir='ltr'><strong>rem</strong></span> 
     </span>
     <span class='ocr_line' id='line_1_23' title="bbox 321 1807 1526 1860; baseline 0.002 -14"><span class='ocrx_word' id='word_1_159' title='bbox 321 1808 518 1859; x_wconf 86' lang='lat' dir='ltr'><strong>pertinet)</strong></span> <span class='ocrx_word' id='word_1_160' title='bbox 539 1810 581 1845; x_wconf 90' lang='lat' dir='ltr'><strong>in</strong></span> <span class='ocrx_word' id='word_1_161' title='bbox 601 1807 754 1845; x_wconf 84' lang='lat' dir='ltr'><strong>Achaia</strong></span> <span class='ocrx_word' id='word_1_162' title='bbox 773 1812 1010 1858; x_wconf 87' lang='lat' dir='ltr'><strong>sumpserat.</strong></span> <span class='ocrx_word' id='word_1_163' title='bbox 1070 1807 1151 1847; x_wconf 93' lang='lat' dir='ltr'><strong>Sed</strong></span> <span class='ocrx_word' id='word_1_164' title='bbox 1177 1811 1264 1860; x_wconf 88' lang='lat' dir='ltr'><strong>agit</strong></span> <span class='ocrx_word' id='word_1_165' title='bbox 1292 1808 1526 1858; x_wconf 83' lang='lat' dir='ltr'><strong>liberaliter,</strong></span> 
     </span>
     <span class='ocr_line' id='line_1_24' title="bbox 320 1872 1523 1925; baseline 0.002 -14"><span class='ocrx_word' id='word_1_166' title='bbox 320 1876 509 1925; x_wconf 89' lang='lat' dir='ltr'><strong>quoniam</strong></span> <span class='ocrx_word' id='word_1_167' title='bbox 529 1878 656 1924; x_wconf 84' lang='lat' dir='ltr'><strong>negat</strong></span> <span class='ocrx_word' id='word_1_168' title='bbox 674 1886 717 1910; x_wconf 88' lang='lat' dir='ltr'><strong>se</strong></span> <span class='ocrx_word' id='word_1_169' title='bbox 737 1876 952 1924; x_wconf 89' lang='lat' dir='ltr'><strong>quicquam</strong></span> <span class='ocrx_word' id='word_1_170' title='bbox 971 1872 1173 1911; x_wconf 86' lang='lat' dir='ltr'><strong>facturum</strong></span> <span class='ocrx_word' id='word_1_171' title='bbox 1193 1879 1334 1913; x_wconf 77' lang='lat' dir='ltr'><strong>contra</strong></span> <span class='ocrx_word' id='word_1_172' title='bbox 1347 1880 1523 1914; x_wconf 82' lang='lat' dir='ltr'><strong>nostram</strong></span> 
     </span>
    </p>
   </div>
   <div class='ocr_carea' id='block_1_8' title="bbox 669 1958 1164 2003">
    <p class='ocr_par' dir='ltr' id='par_1_11' title="bbox 669 1958 1164 2003">
     <span class='ocr_line' id='line_1_25' title="bbox 669 1958 1164 2003; baseline 0.004 -11"><span class='ocrx_word' id='word_1_173' title='bbox 669 1958 680 1979; x_wconf 86' lang='lat'><em>¹</em></span> <span class='ocrx_word' id='word_1_174' title='bbox 702 1958 748 1992; x_wconf 82' lang='lat' dir='ltr'><strong>de</strong></span> <span class='ocrx_word' id='word_1_175' title='bbox 763 1960 879 1992; x_wconf 81' lang='lat' dir='ltr'><strong>added</strong></span> <span class='ocrx_word' id='word_1_176' title='bbox 894 1959 938 2001; x_wconf 84' lang='lat' dir='ltr'><strong>by</strong></span> <span class='ocrx_word' id='word_1_177' title='bbox 963 1960 1164 2003; x_wconf 62' lang='lat' dir='ltr'><strong>Wesenberg.</strong></span> 
     </span>
    </p>
   </div>
   <div class='ocr_carea' id='block_1_9' title="bbox 406 2045 1432 2125">
    <p class='ocr_par' dir='ltr' id='par_1_12' title="bbox 406 2045 1432 2125">
     <span class='ocr_line' id='line_1_26' title="bbox 406 2045 935 2088; baseline -0.002 -9"><span class='ocrx_word' id='word_1_178' title='bbox 406 2045 420 2067; x_wconf 85' lang='lat'>²</span> <span class='ocrx_word' id='word_1_179' title='bbox 443 2047 495 2080; x_wconf 78' lang='lat' dir='ltr'><strong>At</strong></span> <span class='ocrx_word' id='word_1_180' title='bbox 509 2046 558 2079; x_wconf 78' lang='lat' dir='ltr'><strong>its</strong></span> <span class='ocrx_word' id='word_1_181' title='bbox 573 2049 719 2088; x_wconf 79' lang='lat' dir='ltr'><strong>capture</strong></span> <span class='ocrx_word' id='word_1_182' title='bbox 735 2046 771 2078; x_wconf 89' lang='lat' dir='ltr'><strong>in</strong></span> <span class='ocrx_word' id='word_1_183' title='bbox 790 2047 851 2078; x_wconf 87' lang='lat'><strong>146</strong></span> <span class='ocrx_word' id='word_1_184' title='bbox 867 2054 935 2078; x_wconf 80' lang='grc' dir='ltr'><strong>Β.ο.</strong></span> 
     </span>
     <span class='ocr_line' id='line_1_27' title="bbox 406 2088 1432 2125; baseline 0.003 -3"><span class='ocrx_word' id='word_1_185' title='bbox 406 2091 420 2110; x_wconf 82' lang='lat'><strong>¹</strong></span> <span class='ocrx_word' id='word_1_186' title='bbox 443 2090 500 2123; x_wconf 49' lang='lat' dir='ltr'><strong>tle.</strong></span> <span class='ocrx_word' id='word_1_187' title='bbox 518 2090 580 2122; x_wconf 79' lang='lat' dir='ltr'><strong>the</strong></span> <span class='ocrx_word' id='word_1_188' title='bbox 595 2089 673 2122; x_wconf 81' lang='lat' dir='ltr'><strong>first</strong></span> <span class='ocrx_word' id='word_1_189' title='bbox 688 2088 781 2121; x_wconf 89' lang='lat' dir='ltr'><strong>book</strong></span> <span class='ocrx_word' id='word_1_190' title='bbox 797 2089 835 2122; x_wconf 80' lang='lat' dir='ltr'><strong>of</strong></span> <span class='ocrx_word' id='word_1_191' title='bbox 854 2089 916 2122; x_wconf 81' lang='lat' dir='ltr'><strong>the</strong></span> <span class='ocrx_word' id='word_1_192' title='bbox 931 2089 985 2122; x_wconf 81' lang='lat' dir='ltr'><strong>De</strong></span> <span class='ocrx_word' id='word_1_193' title='bbox 1002 2089 1156 2123; x_wconf 67' lang='lat' dir='ltr'><strong>Finibus.</strong></span> <span class='ocrx_word' id='word_1_194' title='bbox 1203 2089 1256 2124; x_wconf 81' lang='lat' dir='ltr'><strong>Cf.</strong></span> <span class='ocrx_word' id='word_1_195' title='bbox 1277 2099 1360 2125; x_wconf 80' lang='lat'>¹111.</span> <span class='ocrx_word' id='word_1_196' title='bbox 1380 2091 1432 2125; x_wconf 82' lang='lat'><strong>32.</strong></span> 
     </span>
    </p>
   </div>
   <div class='ocr_carea' id='block_1_10' title="bbox 326 2134 399 2174">
    <p class='ocr_par' dir='ltr' id='par_1_13' title="bbox 326 2134 399 2174">
     <span class='ocr_line' id='line_1_28' title="bbox 326 2134 399 2174; baseline -0.014 0"><span class='ocrx_word' id='word_1_197' title='bbox 326 2134 399 2174; x_wconf 80' lang='lat'><strong>116</strong></span> 
     </span>
    </p>
   </div>
  </div>
 </body>
</html>
