1572 2378
551 159 780 199 MARCUS
818 160 1063 200 TULLIUS
1102 162 1303 202 CICERO

325 249 427 286 Nam
453 248 523 286 illa
550 262 654 300 quae
682 248 904 287 recordaris
932 249 1111 288 Lentulo
1139 255 1182 289 et
1211 250 1406 291 Marcello
1432 265 1526 291 con-

321 313 474 353 sulibus
500 319 592 352 acta
619 316 662 352 in
690 314 793 352 aede
821 314 1035 365 Apollinis,
1058 328 1135 354 nee
1160 329 1279 355 causa
1301 317 1445 357 eadem
1462 323 1527 358 est

321 394 398 419 nec
411 380 542 419 simile
559 385 736 431 tempus,
750 383 989 431 praesertim
1007 395 1101 420 cum
1120 382 1359 422 Marcellum
1377 384 1526 439 scribas

320 446 499 498 aliosque
519 445 740 484 discedere.
799 446 890 484 Erit
907 449 1032 497 igitur
1052 448 1169 486 nobis
1196 461 1329 487 coram
1356 450 1526 489 odoran-

320 512 433 560 dum,
450 517 495 550 et
513 511 859 558 constituendum,
873 516 1019 550 tutone
1040 512 1190 551 Romae
1209 526 1297 552 esse
1315 517 1522 565 possimus.

322 578 425 616 Novi
449 582 674 616 conventus
703 577 952 616 habitatores
972 590 1070 616 sane
1088 585 1278 625 movent;
1305 583 1348 618 in
1366 583 1524 633 magnis

320 646 428 682 enim
454 657 659 682 versamur
685 646 894 694 angustiis.
953 643 1033 682 Sed
1053 649 1150 683 sunt
1167 647 1245 683 ista
1262 649 1397 697 parvi;
1425 649 1523 700 quin

319 710 383 749 vel
402 712 550 748 maiora
569 712 879 748 contemnimus.
936 709 1081 749 Calvae
1108 716 1403 751 testamentum
1429 726 1524 766 cog-

318 778 423 823 novi,
454 775 629 814 hominis
660 777 791 826 turpis
823 789 870 813 ac
902 775 1065 816 sordidi.
1122 776 1277 815 Tabula
1310 777 1522 818 Demonici

317 841 425 893 quod
455 841 531 879 tibi
561 854 680 879 curae
712 845 787 888 est,
818 846 990 891 gratum.
1049 840 1114 880 De
1132 842 1267 880 ma101
1285 846 1424 895 scripsi
1442 847 1521 883 iam

316 907 474 958 pridem
501 906 554 944 ad
583 906 838 945 Dolabellam
866 909 1177 955 accuratissime,
1195 908 1317 947 modo
1337 909 1522 950 redditae

315 974 478 1012 litterae
498 975 590 1012 sint.
649 972 747 1010 Eius
767 986 885 1011 causa
904 978 949 1011 et
967 976 1086 1024 cupio
1105 979 1149 1012 et
1166 973 1308 1013 debeo.

369 1039 500 1078 Venio
527 1038 579 1076 ad
607 1040 846 1089 propiorem.
906 1037 1085 1090 Cognovi
1110 1039 1163 1078 de
1186 1039 1399 1090 Alexione,
1418 1055 1522 1095 quae

314 1105 604 1144 desiderabam.
664 1103 826 1142 Hirtius
845 1109 909 1142 est
926 1109 1032 1143 tuus.
1092 1105 1287 1154 Antonio,
1304 1107 1523 1158 quoniam²

314 1176 390 1219 est,
408 1170 500 1209 volo
519 1173 634 1221 peius
653 1182 752 1208 esse.
794 1169 858 1207 De
882 1169 1039 1217 Quinto
1058 1170 1151 1218 filio,
1171 1176 1219 1211 ut
1235 1172 1388 1220 scribis,
1407 1173 1522 1217 ἅλιος.8

315 1235 380 1275 De
418 1241 534 1287 patre
572 1248 706 1273 coram
742 1248 922 1286 agemus.
992 1235 1163 1275 Brutum
1201 1239 1312 1276 omni
1347 1251 1405 1286 re,
1442 1252 1522 1292 qua

313 1314 488 1352 possum,
509 1303 628 1351 cupio
646 1303 792 1338 iuvare.
853 1300 974 1339 Cuius
1001 1300 1055 1339 de
1080 1302 1331 1340 oratiuncula
1349 1302 1458 1342 idem
1477 1309 1521 1343 te

314 1367 422 1418 quod
449 1380 516 1404 me
545 1368 697 1404 sentire
725 1365 854 1403 video.
913 1365 995 1404 Sed
1022 1379 1165 1418 parum
1193 1367 1404 1419 intellego,
1423 1369 1521 1421 quid

313 1445 378 1470 me
407 1432 506 1470 velis
534 1432 710 1469 scribere
735 1434 848 1482 quasi
866 1445 891 1468 a
910 1431 1037 1470 Bruto
1056 1431 1194 1470 habita
1214 1435 1410 1482 oratione,
1428 1447 1520 1474 cum

312 1497 381 1535 ille
411 1496 596 1535 ediderit.
656 1495 738 1543 Qui
765 1496 934 1534 tandem
963 1499 1180 1535 convenit?
1237 1511 1289 1536 an
1318 1501 1375 1537 sic
1402 1504 1450 1539 ut
1476 1501 1520 1538 in

313 1569 530 1614 tyrannum
567 1564 655 1600 iure
692 1565 847 1612 optimo
885 1563 1074 1601 caesum?
1149 1563 1281 1602 Multa
1318 1564 1521 1614 dicentur,

312 1628 440 1666 multa
459 1628 686 1666 scribentur
704 1641 728 1665 a
746 1628 874 1674 nobis,
898 1627 970 1666 sed
995 1628 1074 1666 alio
1101 1629 1221 1667 modo
1251 1634 1295 1668 et
1322 1635 1518 1682 tempore.

314 1693 377 1731 De
405 1693 505 1732 sella
534 1693 711 1731 Caesaris
737 1694 843 1731 bene
863 1694 1039 1739 tribuni3
1068 1694 1292 1745 praeclaros
1312 1698 1435 1734 etiam
1454 1708 1522 1735 xxv

311 1759 497 1797 ordines!
555 1758 725 1797 Brutum
752 1759 862 1809 apud
889 1772 956 1797 me
984 1759 1107 1798 fuisse
1135 1760 1307 1811 gaudeo,
1330 1761 1451 1800 modo
1477 1766 1521 1801 et

311 1824 488 1862 libenter
506 1823 631 1862 fuerit
650 1829 694 1862 et
712 1829 775 1862 sat
794 1823 875 1863 diu.

353 1913 365 1933 ¹
388 1914 460 1947 For
476 1913 568 1946 malo
583 1923 691 1956 many
702 1912 909 1955 suqyeeciom
925 1913 1009 1947 have
1026 1913 1105 1947 been
1118 1914 1221 1948 mdc
1236 1928 1246 1949 ε
1262 1925 1325 1957 ay.
1345 1915 1462 1949 Mario
1477 1915 1520 1958 by

311 1957 495 1990 Manutius
509 1958 582 1990 and
594 1957 730 1989 Manlio
743 1958 785 1998 by
794 1957 925 1990 Shuckb
931 1957 1027 1999 uryh,
1038 1957 1110 1991 who
1121 1968 1297 2000 compares
1307 1959 1335 1991 A
1343 1963 1379 1992 ct.
1391 1961 1514 1994 mxl-9.

359 2001 373 2021 ²
393 2011 499 2044 quam
522 2002 591 2033 iam
619 2001 746 2034 Orelli:
771 2001 936 2043 quoniam
963 2001 1054 2034 male
1078 2001 1226 2036 Alanus.
1280 2003 1417 2046 Tyrrell
1442 2013 1518 2046 euq-

311 2049 396 2085 9ent⁸
411 2045 485 2077 that
501 2044 592 2077 male
609 2054 674 2076 can
689 2044 725 2076 be
741 2044 900 2086 supplied
915 2044 953 2077 in
969 2044 1109 2087 thouyht
1122 2045 1223 2087 srom
1245 2045 1300 2079 the
1321 2047 1421 2090 peius
1445 2046 1518 2080 that

301 2088 450 2128 follows.
587 2088 602 2109 ⁸
625 2088 700 2120 ἅλις
720 2087 918 2122 Tur-nebaaz
943 2088 1086 2123 A.M.c.
1106 2089 1211 2123 MSS.

310 2136 387 2169 302
