1572 2378
556 116 783 157 MARCUS
820 117 1066 156 TULLIUS
1105 117 1306 156 CICERO

329 205 467 253 Bruto,
494 210 542 243 ut
568 206 644 243 tibi
672 205 838 256 placuit,
866 204 1170 256 despondimus,
1188 205 1312 257 idque
1334 217 1430 244 eum
1449 216 1530 242 non

326 271 436 310 nolle
454 270 555 309 mihi
573 274 778 322 scripsisti.
838 271 946 322 Ergo
971 271 1082 309 illam
1107 271 1374 322 Ἀκαδημικήν,
1392 273 1436 309 ἰιι
1453 282 1532 322 qua

327 337 512 375 homines
525 336 682 375 nobiles
701 337 759 374 illi
779 336 957 388 quidem,
977 337 1048 374 sed
1068 336 1181 375 nullo
1199 337 1320 375 modo
1338 335 1530 388 philologi

327 405 594 441 nimisvacute
623 402 856 454 loquuntur,
889 402 941 440 ad
977 402 1200 441 Varronem
1231 402 1529 446 transferamus.

328 468 494 507 Etenim
531 473 628 506 sunt
665 468 897 515 Antiochia,
939 481 1042 519 quae
1089 471 1167 506 iste
1213 468 1330 507 valde
1376 468 1530 519 probat.

329 534 473 572 Catulo
501 539 544 572 et
573 534 743 572 Lucullo
770 534 866 572 alibi
894 547 1150 584 reponemus,
1179 537 1236 572 ita
1262 539 1415 582 tamen,
1434 536 1468 573 si
1486 539 1530 572 tu

329 599 406 638 hoc
424 600 591 650 probas3
620 599 754 651 deque
775 612 823 637 eo
844 599 944 637 mihi
966 600 1159 638 rescribas
1177 599 1310 639 velim.

385 666 448 703 De
469 665 687 702 Brinniana
713 667 902 703 auctione
929 668 1068 715 accepi
1095 678 1119 702 a
1149 665 1333 704 Vestorio
1361 665 1531 705 litteras.

331 731 402 769 Ait
420 734 507 769 sine
526 731 609 769 ulla
629 733 899 769 controversia
917 744 1004 769 rem
1029 730 1081 768 ad
1107 743 1173 769 me
1203 744 1290 770 esse
1319 731 1531 770 conlatam.

334 797 481 835 Romae
499 796 691 835 videlicet
709 802 780 835 aut
798 800 841 834 in
860 796 1088 835 Tusculano
1102 810 1169 835 me
1183 796 1270 835 fore
1289 802 1535 848 putaverunt

329 876 362 900 a.
385 862 422 901 d.
449 875 519 900 vm
551 862 638 900 Kal.
670 862 835 910 Quinct.
895 862 1017 901 Dices
1046 865 1172 913 igitur
1198 862 1264 901 vel
1291 866 1422 902 amico
1446 868 1532 911 tuo,

329 928 367 966 S.
390 928 543 976 Vettio,
563 928 754 966 coheredi
772 941 879 976 meo,
898 928 963 967 vel
984 928 1164 966 Labeoni
1192 933 1345 976 nostro,
1370 929 1534 980 paulum

329 993 537 1044 proferant
555 996 786 1032 auctionem
800 1006 810 1039 ;
837 1007 904 1032 me
919 996 1079 1031 circiter
1099 994 1235 1031 Nonas
1250 996 1293 1031 in
1307 993 1534 1033 Tusculano

329 1058 426 1097 fore.
489 1058 590 1096 Cum
622 1059 765 1097 Pisone
799 1059 964 1097 Erotem
996 1058 1132 1096 habes.
1204 1058 1268 1097 De
1299 1058 1535 1111 Scapulanis

330 1124 456 1162 hortis
474 1129 563 1162 toto
582 1130 748 1174 pectore
768 1127 1003 1175 cogitemus.
1064 1124 1161 1162 Dies
1181 1124 1308 1163 adest.

811 1311 931 1358 XIII,
962 1311 1052 1349 XIV

725 1404 865 1429 ciceno
895 1404 1035 1428 ΛἸἽίσο
1065 1404 1142 1429 sm..

47 1478 123 1515 Scr.
145 1476 182 1514 in
384 1473 616 1511 Commotus
650 1474 731 1510 tuis
765 1471 925 1518 litteris,
956 1470 1064 1522 quod
1094 1470 1146 1508 ad
1176 1483 1242 1509 me
1271 1470 1325 1509 de
1355 1470 1534 1509 Varrone

48 1530 223 1592 Arpina-li
258 1531 317 1568 Vl
330 1541 558 1589 scripseras,
576 1542 706 1575 totam
726 1536 988 1574 Academiam
1006 1537 1058 1574 ab
1082 1536 1312 1574 hominibus
1337 1535 1534 1574 nobilissi-

50 1585 95 1623 Κ·
119 1585 243 1629 Qumt·
265 1599 300 1623 a·
331 1607 407 1642 mis
442 1603 603 1650 abstuli,
642 1602 831 1640 transtuli
871 1601 924 1640 ad
966 1607 1149 1640 nostrum
1188 1601 1368 1640 sodalem
1404 1606 1449 1640 et
1484 1613 1535 1640 ex

50 1640 126 1679 709
330 1669 488 1708 duobus
516 1669 627 1707 libris
657 1668 812 1706 contuli
841 1669 884 1705 in
913 1672 1116 1719 quattuor.
1174 1666 1418 1706 Grandiores
1440 1671 1536 1706 sunt

330 1737 508 1781 omnino,
528 1746 648 1785 quam
669 1738 786 1770 erant
814 1732 884 1779 illi,
915 1732 986 1770 sed
1015 1738 1155 1770 tamen
1182 1732 1312 1770 multa
1339 1731 1532 1770 detracta.

330 1799 390 1837 Tu
429 1804 567 1837 autem
604 1798 704 1835 mihi
743 1797 939 1848 pervelim
976 1798 1137 1844 scribas,
1175 1799 1243 1848 qui
1285 1796 1536 1835 intellexeris

332 1864 445 1902 illum
464 1864 594 1909 velle;
623 1863 724 1901 illud
744 1875 839 1901 vero
864 1865 1007 1914 utique
1035 1865 1137 1900 scire
1166 1865 1297 1913 cupio,
1325 1875 1447 1914 quem
1474 1864 1533 1901 in-

374 1961 387 1981 ¹
410 1961 608 1993 Antiochus
624 1959 661 1992 of
673 1958 834 1998 Ascalon,
852 1958 964 1991 under
974 1959 1087 1991 whom
1104 1957 1189 1991 both
1203 1958 1325 1992 Cicero
1340 1957 1409 1990 and
1424 1957 1536 1991 Varro

329 2004 400 2037 had
415 2004 559 2037 studied
574 2007 613 2036 at
629 2003 777 2036 Athens.
828 2002 895 2035 His
920 2003 1085 2045 teaching
1099 2001 1283 2035 combined
1301 2001 1362 2035 the
1377 2002 1486 2035 view·
1500 2001 1536 2035 of

330 2048 392 2080 the
408 2047 589 2091 Academy
604 2047 675 2081 and
692 2046 868 2081 Stoicinm.

334 2095 411 2130 130
