1572 2358
46 837 124 875 Ser.
147 837 182 874 in
219 837 311 874 Tus-

45 891 176 928 culano
209 891 262 928 Id.

49 945 126 982 lun.
148 959 182 983 a.
208 947 285 984 708

562 170 788 210 MARCUS
825 171 1070 210 TULLIUS
1110 172 1309 211 CICERO

336 258 519 297 Vettieni
555 258 794 297 condicione
831 261 1051 297 semissem.
1109 260 1252 308 Σκέψαι
1283 262 1419 311 igitur.
1475 261 1537 299 Ac

334 333 488 368 vereor,
501 333 554 359 ne
573 322 652 359 iste
670 323 750 358 iam
768 323 1000 359 auctionem
1019 320 1171 360 nullam
1191 321 1326 370 faciat,
1339 322 1413 361 sed
1430 322 1538 363 ludis

334 382 450 420 factis
483 382 659 435 ἈτύπῳῙ
690 383 868 421 subsidio
894 389 1041 431 currat,
1066 397 1119 422 ne
1149 384 1242 422 talis
1267 387 1328 422 vir
1351 387 1534 440 ἀλογηθῆ.

333 445 413 482 Sed
439 446 609 496 μελήσει.
667 445 728 483 Tu
749 446 943 493 Atticam,
956 459 1117 497 quaeso,
1131 459 1224 484 cura
1244 452 1288 485 et
1307 449 1344 485 ei
1363 447 1536 487 salutem

332 513 375 545 et
401 507 519 545 Piliae
539 507 695 545 Tulliae
714 521 877 559 quoque
897 509 1029 547 verbis
1049 508 1273 559 plurimam.

904 677 962 716 IV

726 767 866 792 CICERO
895 767 983 792 ΑΤἹῚ
988 768 1035 792 CO
1063 768 1140 794 SAL.

384 831 422 870 O
455 836 591 882 gratas
622 837 713 870 tuas
745 831 845 869 mihi
878 831 1154 883 iucundasque
1186 831 1366 872 litteras!
1423 834 1532 882 Quid

329 896 515 945 quaeris?
555 897 769 932 restitutus
799 899 864 932 est
892 893 992 932 mihi
1021 894 1110 932 dies
1139 893 1278 933 festus.
1342 896 1534 947 Angebat

329 959 452 1004 enim,
484 956 593 1008 quod
630 956 725 994 Tiro
762 957 1063 1008 ἐνερευθέστερον
1098 961 1142 995 te
1174 957 1251 996 sibi
1282 970 1372 997 esse
1402 961 1531 998 visum

327 1019 496 1058 dixerat.
554 1019 716 1057 Addam
734 1021 873 1070 igitur,
893 1025 939 1058 ut
958 1032 1112 1067 censes,
1131 1033 1258 1058 unum
1277 1019 1398 1059 diem.

380 1081 462 1120 Sed
495 1081 548 1119 de
581 1082 736 1120 Catone
768 1083 976 1132 πρόβλημα
1011 1082 1273 1135 Ἀρχιμήδειον
1304 1087 1379 1122 est.
1437 1083 1531 1122 Non

324 1147 535 1199 adsequor,
564 1152 611 1185 ut
638 1148 823 1195 scribam,
851 1146 960 1199 quod
989 1150 1049 1185 tui
1077 1149 1268 1186 convivae
1298 1160 1381 1186 non
1409 1148 1531 1188 modo

323 1210 514 1258 libenter,
532 1210 604 1248 sed
625 1212 748 1247 etiam
766 1222 896 1262 aequo
914 1212 1049 1248 animo
1068 1209 1206 1261 legere
1224 1212 1403 1262 possint3
1431 1215 1528 1263 quin

324 1275 461 1319 etiam,
481 1275 514 1310 si
531 1286 556 1310 a
573 1274 790 1310 sententiis
809 1274 895 1310 eius
915 1272 1047 1319 dictis,
1066 1275 1099 1310 si
1117 1273 1168 1310 ab
1186 1274 1296 1310 omni
1319 1272 1529 1313 voluntate

325 1335 595 1386 consiliisque,
626 1347 730 1386 quae
760 1334 813 1372 de
850 1347 894 1372 re
931 1334 1093 1385 publica
1130 1334 1284 1382 habuit,
1316 1335 1505 1374 recedam
1517 1353 1528 1383 ;

324 1400 521 1450 ψιλῶςςιιε
541 1397 663 1435 velim
681 1400 924 1447 gravitatem
950 1399 1301 1449 constantiamque
1329 1400 1416 1436 eius
1442 1397 1527 1437 lau-

322 1460 432 1507 dare,
447 1459 523 1498 hoc
538 1462 670 1511 ipsum
685 1465 823 1497 tamen
842 1462 929 1497 istis
949 1459 1133 1498 odiosum
1152 1460 1326 1510 ἄκουσμα
1340 1462 1404 1498 sit.
1443 1459 1526 1500 Sed

323 1536 415 1561 vere
434 1522 588 1560 laudari
608 1522 677 1560 ille
698 1525 756 1560 vir
774 1535 856 1560 non
876 1527 1026 1573 potest,
1046 1524 1123 1560 nisi
1142 1521 1243 1560 haee
1265 1527 1406 1560 ornata
1430 1524 1524 1571 sint,

321 1585 428 1636 quod
447 1585 517 1623 ille
538 1598 599 1632 ea,
617 1598 721 1636 quae
743 1598 850 1622 nunc
868 1589 978 1631 sunt,
999 1590 1042 1622 et
1062 1584 1198 1622 futura
1216 1583 1376 1631 viderit,
1395 1590 1452 1632 et,
1470 1598 1524 1624 ne

322 1648 476 1694 fierent,
497 1647 768 1694 contenderit,
788 1653 844 1694 et,
864 1646 972 1685 facta
1000 1660 1052 1684 ne
1082 1646 1252 1692 videret,
1279 1648 1404 1684 vitam
1433 1646 1524 1685 reli-

319 1714 463 1762 querit.
526 1711 682 1747 Horum
706 1709 804 1761 quid
824 1714 899 1757 est,
918 1709 1027 1760 quod
1048 1708 1194 1747 Aledio
1212 1708 1380 1759 probare
1399 1712 1524 1759 possi-

320 1775 435 1812 mus?
492 1772 574 1811 Sed
603 1787 710 1820 cura,
738 1773 916 1819 obsecro,
946 1777 993 1810 ut
1020 1771 1166 1818 valeas,
1196 1783 1379 1822 eamque,
1400 1783 1523 1822 ‚quam

319 1835 370 1873 ad
389 1848 530 1873 omnes
549 1849 613 1873 res
633 1834 816 1882 adhibes,
843 1837 885 1872 in
914 1836 1052 1885 primis
1080 1833 1131 1871 ad
1159 1832 1522 1872 convalescendum

318 1898 467 1936 adhibe
488 1897 757 1949 prudentiam.

537 1969 547 1989 ¹
573 1969 700 2010 Ἀτύπῳ
719 1969 876 2010 Popma:
901 1968 1005 2010 clypo
1020 1967 1084 2000 M:
1109 1966 1260 2009 Olympo
1274 1977 1319 2000 m.

361 2055 375 2076 ²
396 2056 430 2088 A
445 2054 579 2087 banker
603 2055 660 2094 (cf.
681 2054 754 2088 Aac.
775 2064 809 2088 x.
830 2055 864 2095 5)
891 2054 968 2087 who
991 2052 1165 2096 proposed
1187 2056 1227 2086 to
1249 2052 1335 2086 take
1355 2063 1442 2086 over
1459 2053 1520 2086 the

317 2098 415 2139 debe,
434 2099 470 2131 in
487 2102 610 2131 return
628 2098 683 2131 for
698 2101 842 2141 present
857 2102 1027 2141 payment
1042 2097 1079 2130 of
1101 2096 1178 2130 half
1192 2097 1254 2130 the
1269 2106 1346 2129 sum
1361 2095 1473 2130 owed.

278 2196 281 2198 Β
318 2149 341 2182 8
