1572 2378
77 471 156 510 Scr.
181 471 220 510 in
247 470 343 510 Tus-

77 526 208 564 culano
233 525 293 564 VI

78 585 140 618 aut
166 580 202 619 V
217 580 275 618 Id.

76 634 174 676 Sext.
198 648 235 673 a.
267 634 344 674 709

75 1831 154 1870 Ser.
178 1831 216 1869 in
250 1830 344 1869 Tus-

75 1885 207 1924 culano
225 1899 282 1923 σω.
296 1898 342 1922 m.

77 1939 169 1980 Dec.
190 1953 227 1979 α.
250 1940 328 1980 709

586 158 668 197 MA
677 157 814 197 RCUS
850 157 1096 196 TULLIUS
1134 157 1336 198 CICERO

912 297 1006 335 XLI

753 397 893 423 CICERO
922 397 1064 423 A'r‘rico
1092 397 1172 423 SAL.

414 473 503 524 Ego
522 486 617 512 vero
636 472 792 521 Quinto
811 472 1027 524 epistulam
1044 471 1096 510 ad
1116 484 1291 511 sororem
1310 474 1411 510 misi.
1465 469 1566 509 Cum

360 545 429 583 ille
457 549 696 596 quereretur
723 543 804 582 filio
831 556 923 582 cum
950 548 1081 581 matre
1109 542 1262 581 bellum
1283 547 1327 580 et
1344 554 1388 580 se
1406 541 1460 580 ob
1477 554 1567 581 eam

361 629 520 655 causam
548 616 669 654 domo
696 628 902 654 cessurum
930 614 1011 652 filio
1035 614 1206 662 diceret,
1224 613 1309 653 dixi
1327 613 1443 652 illum
1460 621 1568 652 com-

360 687 500 726 modas
518 687 570 726 ad
589 692 762 726 matrem
780 686 951 734 litteras,
969 685 1023 724 ad
1041 689 1085 725 te
1104 684 1246 724 nullas.
1298 684 1375 723 Ille
1394 684 1568 723 alterum

359 760 592 807 mirabatur,
622 759 676 798 de
705 764 750 798 te
778 763 918 797 autem
955 770 1069 796 suam
1105 756 1278 808 culpam,
1308 756 1417 808 quod
1447 769 1568 808 saepe

359 834 537 882 graviter
562 830 615 869 ad
643 830 769 868 filium
797 832 1022 880 scripsisset
1044 829 1097 867 de
1120 834 1193 867 tua
1209 831 1254 866 in
1272 827 1389 866 illum
1410 829 1565 867 iniuria.

361 902 482 950 Quod
508 907 647 941 autem
674 901 923 952 relanguisse
951 914 996 939 se
1026 900 1140 948 dicit,
1164 912 1242 951 ego
1261 902 1300 939 ei
1319 901 1400 939 tuis
1419 899 1568 938 litteris

359 974 476 1013 lectis
496 975 668 1015 σκολιαῖς
686 973 844 1014 ἀπάταις
862 971 1082 1023 significavi
1101 983 1168 1010 me
1186 984 1271 1009 non
1283 970 1372 1010 fore
1389 969 1567 1009 iratum.1

360 1044 464 1082 Tum
494 1047 604 1082 enim
633 1046 789 1082 mentio
819 1042 963 1082 Canae.
1023 1042 1217 1090 Omnino,
1235 1044 1269 1080 si
1291 1041 1334 1079 id
1357 1040 1567 1080 consilium

360 1116 552 1167 placeret,
589 1121 698 1155 esset
734 1127 927 1161 necesse;
973 1114 1059 1162 sed,
1096 1119 1144 1153 ut
1179 1114 1332 1162 scribis,
1366 1115 1470 1152 ratio
1505 1117 1570 1152 est

359 1187 547 1226 habenda
565 1189 787 1238 gravitatis,
813 1192 857 1226 et
885 1188 1095 1237 utriusque
1122 1190 1307 1224 nostrum
1334 1184 1445 1223 idem
1473 1197 1568 1223 con-

358 1258 492 1297 silium
507 1271 595 1296 esse
610 1257 749 1305 debet,
765 1260 843 1296 etsi
857 1260 901 1295 in
914 1270 981 1295 me
997 1258 1198 1308 graviores
1211 1258 1382 1294 iniuriae
1397 1260 1442 1294 et
1453 1259 1567 1294 certe

358 1333 546 1369 notiores.
604 1329 647 1368 Si
668 1342 761 1367 vero
780 1331 904 1367 etiam
926 1328 1073 1367 Brutus
1093 1326 1245 1379 aliquid
1264 1326 1436 1374 adferet,
1456 1325 1568 1366 nulla

359 1402 560 1439 dubitatio
575 1406 648 1439 est.
689 1399 771 1439 Sed
786 1413 931 1438 coram.
972 1399 1124 1450 Magna
1138 1401 1249 1437 enim
1267 1411 1332 1437 res
1351 1403 1395 1436 et
1413 1396 1567 1437 multae

359 1474 566 1512 cautionis.
625 1471 719 1510 Cras
738 1473 875 1522 igitur,
895 1472 973 1508 nisi
992 1469 1090 1521 quid
1109 1483 1133 1506 a
1150 1474 1195 1507 te
1215 1473 1474 1508 commeatus.

904 1644 1023 1682 XLII

753 1745 893 1771 CICERO
922 1744 1063 1770 ATTICO
1091 1743 1170 1771 ΕΑΒ.

418 1823 542 1861 Venit
564 1822 632 1860 ille
655 1821 706 1859 ad
729 1834 795 1859 me
819 1821 880 1859 καὶ
901 1820 1008 1871 μάλα
1031 1818 1210 1869 κατηφής.
1270 1817 1324 1855 Et
1347 1829 1449 1868 ego:
1475 1815 1569 1859 “21³1

363 1894 401 1933 δὲ
420 1894 465 1944 δὴ
483 1894 524 1932 τί
539 1894 713 1938 σύννους;
726 1891 747 1904 ”
796 1895 822 1913 “
837 1888 1032 1941 Rogas?”
1057 1891 1203 1940 inquit,
1223 1891 1248 1910 “
1261 1890 1325 1926 cui
1345 1890 1424 1925 iter
1441 1888 1570 1925 instet

363 1969 407 2003 et
426 1967 506 2003 iter
522 1963 573 2002 ad
593 1962 744 2002 bellum
764 1961 887 2013 idque
913 1974 1006 1999 cum
1030 1959 1300 2011 periculosum
1327 1963 1417 1998 tum
1445 1958 1569 1997 etiam

640 2067 655 2089 ¹
678 2068 811 2100 iratum
827 2065 976 2099 {merted
992 2065 1034 2107 by
1052 2063 1252 2098 Lambinus.

367 2143 381 2176 1
390 2142 442 2182 92
