1572 2378
35 1057 114 1098 Ser.
142 1057 180 1095 ἱπ
209 1058 302 1096 Tus-

33 1112 165 1150 culano
183 1112 270 1150 XII

36 1167 84 1205 K.
106 1166 188 1205 Iun.
209 1181 243 1204 a.

37 1222 113 1260 709

554 154 779 194 MARCUS
818 154 1063 194 TULLIUS
1101 154 1301 194 CICERO

379 244 444 283 De
463 243 662 283 Caerellia
680 243 779 296 quid
797 244 873 282 tibi
893 243 1087 295 placeret,
1106 244 1201 282 Tiro
1220 243 1319 282 mihi
1333 245 1528 290 narravit3
1550 281 1553 285 ,

323 315 475 354 debere
497 329 580 354 non
604 328 692 354 esse
716 314 928 366 dignitatis
949 328 1080 362 meae,
1101 317 1436 366 perscriptionem
1452 315 1528 355 tibi

323 387 506 437 placere:

404 478 430 496 “
444 475 536 513 Hoc
555 476 755 522 metuere,
773 472 948 513 alterum
967 476 1010 513 in
1028 479 1144 514 metu
1162 488 1243 513 non
1264 473 1456 526 ponere.”

322 561 404 600 Sed
424 567 468 600 et
486 561 587 600 haee
606 567 652 601 ct
670 561 802 600 multa
820 562 898 600 alia
917 575 1061 600 coram.
1110 562 1358 601 Sustinenda
1375 567 1528 611 tamen,

320 635 354 672 si
373 633 448 671 tibi
468 633 686 680 videbitur,
706 634 852 672 solutio
871 639 936 672 est
957 636 1131 672 nominis
1159 633 1412 683 Caerelliani,
1429 634 1527 675 dum

320 709 365 743 et
383 703 436 743 de
459 704 628 742 Metone
648 709 692 743 et
710 704 764 743 de
785 704 953 743 Faberio
972 707 1155 744 sciamus.

886 879 964 918 LII

716 980 856 1006 CICERO
886 980 1027 1006 A'r’r1co
1055 981 1133 1006 SAL.

377 1056 422 1094 L.
461 1056 641 1095 Tullium
679 1057 923 1095 Montanum
959 1060 1079 1104 nosti,
1110 1060 1179 1109 qui
1209 1070 1301 1096 cum
1332 1059 1526 1100 Cicerone

323 1126 529 1177 profectus
558 1133 632 1167 est.
701 1128 768 1166 Ab
798 1131 884 1166 eius
914 1131 1058 1167 sororis
1088 1130 1171 1166 viro
1200 1128 1359 1169 litteras
1387 1135 1524 1184 accepi

321 1199 565 1237 Montanum
585 1199 733 1238 Planco
755 1199 921 1247 debere,
944 1199 1054 1251 quod
1080 1213 1197 1251 praes
1224 1213 1299 1251 pro
1328 1201 1525 1243 Flaminio

316 1272 382 1317 sit,
405 1269 478 1309 HS
498 1275 574 1316 5513
602 1270 655 1309 de
675 1284 724 1308 ea
743 1284 786 1309 re
806 1273 944 1309 nescio
963 1270 1062 1322 quid
1080 1275 1126 1309 te
1143 1284 1168 1308 a
1188 1270 1386 1311 Montano
1413 1287 1524 1327 roga·

314 1346 415 1380 tum.
483 1340 590 1380 Sane
621 1341 756 1389 velim,
786 1344 870 1380 sive
903 1341 1073 1380 Plancus
1103 1348 1168 1382 est
1196 1344 1410 1396 roganduS,
1437 1347 1522 1386 sive

314 1425 395 1463 qua
421 1424 466 1450 re
494 1417 611 1463 potes
639 1412 755 1450 illum
783 1414 934 1460 iuvare,
960 1415 1083 1453 iuves.
1144 1413 1330 1455 Pertinet
1355 1415 1408 1455 ad
1434 1429 1522 1457 nos-

315 1488 423 1522 trum
437 1483 621 1521 officium.
671 1483 713 1522 Si
733 1497 797 1522 res
816 1485 891 1522 tibi
911 1484 1017 1522 forte
1036 1487 1171 1524 notior
1190 1491 1253 1525 est
1272 1499 1392 1539 quam
1406 1488 1520 1536 mihi,

313 1559 386 1593 aut
403 1557 437 1593 si
459 1554 651 1593 Plancum
673 1555 897 1606 rogandum
912 1561 1045 1606 putas,
1060 1556 1209 1595 scribas
1227 1557 1280 1596 ad
1298 1571 1366 1597 me
1385 1558 1518 1608 velim,

315 1630 372 1673 ut,
387 1625 484 1677 quid
504 1628 563 1664 rei
583 1628 636 1664 sit
655 1631 699 1664 et
718 1626 816 1677 quid
837 1626 1075 1678 rogandum,
1090 1629 1224 1666 sciam.
1267 1628 1331 1667 De
1347 1630 1520 1681 epistula

311 1696 363 1735 ad
383 1696 595 1735 Caesarem
614 1696 712 1748 quid
734 1699 879 1748 egeris,
900 1703 1103 1748 exspecto.
1159 1698 1223 1738 De
1243 1698 1342 1738 Silio
1361 1714 1445 1740 nou
1461 1703 1520 1741 ita

310 1780 408 1805 sane
438 1766 585 1805 laboro.
647 1768 710 1806 Tu
740 1770 796 1806 mi
826 1773 898 1807 aut
931 1766 1178 1819 Scapulanos
1204 1775 1278 1809 aut
1306 1770 1519 1812 Clodianos

310 1838 456 1876 efficias
474 1851 642 1877 necesse
662 1844 735 1877 est.
788 1838 870 1877 Sed
889 1841 1027 1878 nescio
1045 1839 1143 1891 quid
1162 1839 1311 1880 videris
1330 1841 1517 1882 dubitare

309 1910 363 1948 de
383 1910 523 1948 Clodia
535 1923 546 1956 ;
573 1915 710 1948 utrum
730 1910 893 1962 quando
913 1913 1061 1960 veniat,
1081 1924 1136 1949 an
1157 1914 1294 1951 sintne
1323 1913 1514 1954 venales?

310 1980 390 2019 Sed
418 1981 515 2032 quid
539 1986 615 2029 est,
638 1981 748 2033 quod
774 1981 896 2019 audio
924 1981 1188 2033 Spintherem
1216 1982 1360 2023 fecisse
1388 1984 1517 2024 divor-

309 2052 441 2090 tium?

314 2143 391 2177 104
