1572 2378
555 160 782 199 MARCUS
822 160 896 198 TU
905 159 992 197 LLI
1002 159 1067 198 US
1107 159 1307 199 CICERO

328 250 490 300 excipis,
510 253 661 286 metuo.
722 247 889 286 Brutum
912 261 1004 285 cum
1030 260 1270 295 conveneru,
1291 247 1535 299 perscribam

327 317 471 352 omnia.
530 314 594 352 De
617 313 765 352 Planco
793 318 838 352 et
867 313 1038 352 Decimo
1057 326 1153 352 sane
1173 313 1306 352 velim.
1332 359 1335 362 y
1365 304 1535 366 Sem

327 385 486 418 scutum
504 380 664 418 abicere
692 379 892 417 nolebam.
951 378 1016 417 De
1046 378 1216 426 Mundo,
1236 381 1268 417 si
1297 378 1396 430 quid
1420 376 1532 428 scies.

331 446 528 497 Rescripsi
546 445 598 483 ad
617 447 752 483 omnia
770 450 865 491 tua;
892 458 1002 483 nunc
1022 449 1160 483 nostra
1177 447 1326 495 accipe.

382 511 560 559 Quintus
589 511 693 549 filius
723 523 851 562 usque
883 509 1071 559 Puteolos
1102 509 1244 562 (mirus
1275 511 1384 557 civis,
1413 515 1460 549 ut
1489 515 1534 549 tu

331 579 548 616 Favonium
569 578 755 615 Asinium
775 576 902 628 dicas)
922 581 966 615 et
985 577 1149 628 quidem
1177 576 1276 614 duas
1304 576 1357 614 ob
1385 589 1532 624 causas,

328 649 371 682 et
390 649 437 682 ut
454 657 615 681 mecum
635 648 678 680 et
698 643 934 683 σπείσασθαι
960 641 1048 680 vult
1068 654 1159 680 cum
1180 641 1306 679 Bruto
1326 646 1370 679 et
1389 641 1532 680 Cassio.

328 709 409 749 Sed
428 715 473 748 tu
493 709 589 761 quid
609 709 694 746 ais?
742 707 834 746 Scio
853 710 963 746 enim
982 712 1026 745 te
1045 706 1283 745 familiarem
1305 720 1392 746 esse
1408 706 1535 755 Otho·

328 789 436 814 num.
494 775 567 813 Ait
594 774 660 812 hic
688 775 764 812 sibi
794 773 938 812 Iuliam
966 772 1099 820 ferre3
1128 775 1399 811 constitutum
1425 775 1534 812 'enim

327 853 414 879 esse
433 840 658 878 discidium.
717 838 928 886 Quaesivit
957 851 1007 876 ex
1036 851 1102 876 me
1131 843 1259 889 pater,
1279 838 1408 890 qualis
1427 844 1536 894 esset

326 905 443 943 fama.
503 905 598 942 Dixi
617 905 720 942 nihil
747 917 844 942 sane
866 917 933 942 me
953 903 1112 942 audisse
1136 902 1384 956 (nesciebam
1412 906 1535 952 enim,

327 985 397 1009 cur
426 971 659 1023 quaereret)
691 973 768 1009 nisi
799 970 851 1008 de
890 983 960 1008 ore
999 975 1042 1007 et
1081 974 1209 1020 patre.
1268 970 1387 1008 “Sed
1417 981 1534 1023 quor-

326 1036 455 1075 sus?’'
486 1039 662 1087 inquam.
722 1035 779 1073 At
803 1034 872 1073 ille
896 1034 1021 1072 filium
1046 1034 1162 1074 velle.
1220 1035 1324 1072 Tum
1347 1048 1437 1086 eg0,
1457 1035 1534 1075 etsi

327 1102 615 1153 ἐβδελυττόμην,
638 1107 777 1140 tamen
801 1103 947 1152 negavi
970 1105 1114 1151 putare
1137 1113 1203 1138 me
1226 1100 1295 1137 illa
1317 1113 1405 1139 esse
1429 1100 1532 1140 vera.v
1570 1108 1572 1132 ἐ

328 1169 472 1210 Σκοπὸς
491 1173 555 1206 est
575 1170 684 1205 enim
704 1166 798 1204 huic
814 1171 953 1203 nostro
968 1164 1069 1202 nihil
1090 1165 1298 1215 praebere,
1313 1164 1382 1202 illa
1395 1170 1533 1204 autem

327 1236 369 1273 οὐ
396 1236 498 1284 παρὰ
525 1236 668 1272 τοῦτον.
726 1233 814 1282 Ego
834 1237 972 1269 tamen
994 1234 1172 1281 suspicor
1201 1230 1321 1277 hunc,
1342 1235 1389 1269 ut
1416 1230 1531 1278 solet,

324 1299 526 1338 alucinari.
586 1297 667 1336 Sed
687 1297 807 1335 vehm
828 1309 995 1347 quaeras
1019 1294 1155 1348 (facile
1175 1301 1312 1333 autem
1337 1294 1472 1349 potes)
1491 1301 1534 1335 ct
1570 1287 1572 1289 Ι

325 1379 390 1404 me
410 1367 635 1403 certiorem.

379 1431 560 1469 Obsecro
587 1435 641 1476 te,
674 1428 771 1480 quid
801 1433 865 1466 est
893 1427 998 1465 hoc?
1055 1427 1224 1478 Signata
1252 1429 1331 1465 iam
1360 1427 1531 1478 epistula
1567 1445 1572 1465 2

327 1497 540 1542 Formiani,
560 1498 629 1546 qui
648 1494 756 1546 apud
776 1507 842 1532 me
862 1494 1078 1540 cenabant,
1096 1493 1287 1531 Plancum
1306 1506 1350 1532 se
1368 1489 1534 1546 aiebant
1568 1483 1572 1532 3:

325 1562 433 1600 hunc
453 1561 713 1599 Buthrotium
733 1560 876 1611 pridie,
896 1572 1016 1610 quam
1045 1558 1122 1596 hoc
1151 1559 1389 1606 scribebam,
1407 1558 1451 1597 id
1470 1562 1533 1598 est

325 1640 368 1665 111
401 1627 519 1673 Non.,
554 1626 700 1663 vidisse
731 1624 963 1671 demissum,
995 1626 1083 1662 sine
1115 1623 1316 1674 phaleris;
1355 1622 1533 1665 servulos

323 1698 461 1731 autem
479 1692 615 1730 dicere
636 1704 729 1730 eum
759 1695 802 1728 et
830 1693 1033 1741 agripetas
1062 1692 1213 1728 eiectos
1241 1702 1266 1727 a
1294 1681 1572 1730 Buthrotiis.

327 1758 483 1796 Macte!
567 1756 659 1803 Sed,
708 1756 850 1793 amabo
897 1760 952 1802 te,
1001 1755 1206 1806 perscribe
1252 1754 1351 1793 mihi
1398 1759 1532 1794 totum

325 1826 545 1874 negotium.
1444 1882 1447 1887 v
1560 1788 1572 1879 i

365 1923 379 1943 ²
402 1922 579 1955 Favonius
618 1932 690 1954 was
723 1932 745 1954 a
777 1920 941 1953 follower
970 1920 1008 1953 of
1044 1919 1156 1959 Cato;
1193 1920 1339 1952 Asinius
1368 1918 1482 1953 Pollio
1510 1929 1533 1954 t

324 1964 735 2006 Caesarian.Possib1y
760 1963 883 1998 Cicero
913 1974 992 2006 may
1019 1974 1119 1996 mean
1147 1944 1230 1995 ’that
1253 1962 1406 2002 Quintus
1432 1960 1533 1997 uideni

325 2010 412 2043 with
428 2009 515 2042 both
531 2010 689 2052 parties3
712 2008 778 2040 but
795 2007 856 2040 the
872 2012 976 2040 exact
996 2007 1160 2050 meaning
1176 2007 1205 2038 is
1221 2005 1397 2039 doubtful.
1438 2044 1443 2049 ¹
1563 2011 1565 2014 '

367 2053 381 2073 ²
404 2053 507 2086 Head
524 2053 561 2086 of
578 2053 639 2085 the
656 2051 751 2085 land·
743 2051 1035 2084 -commissioners
1051 2051 1088 2083 in
1105 2050 1245 2093 Epirus.

327 2129 404 2170 366
