1572 2378
559 166 789 206 MARCUS
828 166 1072 206 TULLIUS
1111 165 1311 205 CICERO
1362 193 1364 196 .

333 257 469 303 torios,
498 260 545 294 ut
572 255 776 302 adessent,
800 268 961 306 rogare„
1011 254 1219 293 Summam
1240 267 1354 306 spem
1379 266 1485 293 nuu
1533 263 1559 277 ⁹²

334 328 434 365 bant
452 326 538 375 fore
558 332 605 365 ut
624 326 829 364 Antonius
856 326 1035 373 cederet,
1056 339 1120 364 res
1145 327 1395 373 conveniret,
1413 322 1480 377 11⁴0,
1499 309 1561 373 *f

337 398 504 436 Romam
537 397 729 437 redirent.
799 396 1022 435 Addebam:
1055 399 1180 435 etiam
1210 409 1277 436 me
1309 387 1560 451 (Ξετείᾶκηιὲῐς7

335 470 599 508 subaccusari.
1350 469 1357 473 ”
1465 482 1479 501 -,
1558 462 1562 463 ’

389 541 506 589 Quae
534 554 626 579 cum
654 540 871 588 audissem,
899 542 986 579 sine
1015 539 1098 578 ulla
1131 539 1388 578 dubitatione
1414 522 1548 596 abieci

335 612 547 651 consilium
567 611 843 662 profectionis,
863 624 943 663 quo
965 610 1200 650 mehercule
1228 596 1282 650 ne
1309 594 1437 650 antea
1457 612 1567 665 qni-

335 684 430 722 dem
458 683 706 722 delectabar.
764 682 900 721 Lectis
919 695 1014 721 vero
1043 685 1123 721 tuis
1149 682 1298 721 litteris
1325 681 1434 721 admi
1462 710 1465 714 ,
1559 691 1566 709 ²

336 754 526 806 equidem
547 767 636 792 sum
655 759 699 792 te
719 758 803 792 tam
818 753 1086 791 vehementer
1105 755 1352 791 sententiam
1372 742 1559 791 commifiss

337 831 456 872 tasse,
476 820 548 863 sed
577 837 659 863 non
688 826 776 862 sine
806 837 924 862 causa
952 823 1185 862 arbitrabar.
1244 823 1347 871 Etsi,
1364 812 1526 875 quams-

336 911 419 936 non
438 896 562 936 fueris
581 909 718 934 suasor
740 901 785 934 et
811 896 1007 947 impulsor
1034 895 1299 946 profectionis
1326 907 1457 943 meae,
1518 936 1521 937 ⁷
1556 891 1565 922 j·

338 969 527 1020 probator
559 972 672 1006 certe
704 966 830 1014 fuisti,
864 967 963 1005 dum
995 967 1117 1005 modo
1154 966 1242 1006 Kal.
1274 966 1360 1005 Ian.
1397 967 1487 1006 ·Ro·

338 1053 479 1079 essem.
521 1039 605 1078 ›Ita
633 1038 768 1086 fiebat,
789 1043 848 1085 ut,
868 1038 966 1076 dum
986 1040 1120 1076 minus
1138 1037 1308 1089 periculi
1327 1037 1506 1083 videre-r
1527 1026 1553 1069 »³¹

338 1113 535 1158 abessem,
571 1112 615 1147 in
651 1109 851 1146 flammam
889 1111 1016 1159 ipsam
1054 1111 1246 1146 venirem.
1315 1107 1396 1147 Sed
1433 1093 1546 1148 haee

340 1184 498 1221 etiamsi
512 1195 594 1219 non
609 1180 846 1232 prudenter,
861 1185 1001 1218 tamen
1020 1179 1233 1230 ἀνεμέσητα
1251 1184 1359 1226 sunt,
1374 1181 1479 1230 prim
1518 1199 1536 1213 u
1547 1184 1549 1187 “

340 1252 448 1305 quod
474 1252 527 1291 de
550 1265 642 1290 mea
665 1253 872 1290 sententia
893 1255 984 1289 acta
1007 1255 1114 1297 sunt,
1136 1250 1301 1298 deinde,
1319 1252 1479 1289 etiamsi
1503 1248 1555 1291 tess

341 1330 517 1371 auctore,
556 1323 653 1375 quid
691 1322 832 1370 debet,
869 1324 937 1373 qui
975 1321 1186 1360 consilium
1223 1321 1308 1370 dat,
1344 1335 1454 1373 pra
1488 1351 1492 1354 ,
1556 1342 1558 1346 >

341 1401 503 1447 praeter
521 1394 672 1433 fidem?
730 1393 837 1431 Illud
860 1389 1048 1430 admirari
1071 1395 1167 1431 satis
1190 1405 1272 1431 non
1295 1395 1424 1444 potui,
1441 1406 1555 1447 qu·

343 1468 534 1518 scripsisti
556 1465 619 1503 his
637 1465 770 1504 verbis
786 1478 794 1502 :
825 1468 849 1486 “
863 1464 974 1502 Bene
995 1466 1120 1514 igitur
1138 1467 1199 1511 tu,
1217 1466 1287 1516 qui
1315 1448 1519 1520 &omues

345 1538 472 1576 bene!
502 1536 688 1587 relinque
709 1534 919 1586 patriam.'’
977 1534 1045 1572 An
1073 1547 1151 1586 ego
1179 1534 1459 1586 relinquebam

344 1609 420 1648 tibi
439 1613 528 1647 tum
547 1607 778 1658 relinquere
798 1606 995 1644 videbar?
1051 1605 1113 1643 Tu
1142 1605 1184 1644 id
1211 1618 1295 1643 non
1322 1605 1443 1646 modo
1480 1626 1512 1639 ··.
1542 1601 1547 1604 ’

344 1679 568 1726 inhibebas,
587 1691 728 1717 verum
757 1680 880 1716 etiam
906 1677 1167 1728 adprobabas.
1225 1676 1428 1726 Graviora,
1456 1690 1567 1710 ·=

344 1755 512 1790 restant.
570 1753 598 1772 “
610 1748 742 1787 Velim
762 1749 924 1801 σχόλιον
941 1747 1104 1799 aliquod
1124 1747 1266 1786 elimes
1284 1747 1336 1786 ad
1354 1760 1422 1790 me
1438 1761 1466 1793 o
1478 1766 1562 1803 cu(x

344 1824 470 1861 tuisse
490 1826 534 1860 te
553 1823 658 1872 istuc
678 1819 850 1858 facere.”
901 1819 1032 1866 Itane,
1045 1821 1102 1857 mi
1116 1818 1287 1858 Attice?
1313 1818 1526 1861 defendst-
1539 1815 1561 1854 sss

344 1898 443 1944 eget
461 1905 598 1930 meum
619 1891 784 1938 factum,
805 1892 1043 1941 praesertim
1062 1889 1171 1941 apud
1199 1894 1257 1937 te,
1275 1892 1346 1942 qui
1373 1889 1414 1928 id
1445 1909 1465 1923 ιι
1502 1892 1505 1895 ’

344 1963 482 2002 biliter
526 1962 787 2014 adprobasti?
818 1968 821 1972 ’
858 1961 946 2011 Ego
988 1973 1083 1998 vero
1126 1962 1248 1999 istum
1289 1947 1549 2014 «αἰποὶιόγιοῇἰ,7

344 2035 588 2086 συντάξομαι,
612 2033 684 2072 sed
713 2033 764 2071 ad
794 2022 932 2072 eorum
961 2032 1151 2084 aliquem,
1170 2015 1569 2088 quibusinvitis'g*

346 2154 425 2194 394

1031 2212 1070 2246 Ο
