1572 2378
46 1066 123 1104 Ser.
152 1065 190 1103 in
224 1065 313 1103 Tus-

45 1119 177 1158 calano
194 1120 293 1171 prid.

49 1174 104 1214 Id.
125 1173 223 1212 Sext.
245 1188 281 1213 a.

50 1229 126 1268 709

563 168 790 208 MARCUS
828 169 1072 208 TULLIUS
1111 168 1312 208 CICERO

333 256 548 307 Equidem,
578 259 612 295 si
642 270 693 295 ex
722 257 910 296 omnibus
940 263 1048 296 esset
1078 258 1327 309 eligendum,
1345 270 1423 296 nec
1446 257 1536 296 dili-

331 330 559 378 gentiorem
596 341 674 367 nec
716 328 990 367 officiosiorem
1027 342 1105 367 nec
1141 327 1375 368 mehercule
1409 331 1537 368 nostri

331 398 614 437 studiosiorem
652 399 770 437 facile
803 399 1048 450 delegissem
1081 399 1290 446 vestm-103
1331 399 1384 439 ad
1413 412 1537 452 quem

331 471 648 508 accuratissimas
684 469 843 508 litteras
879 470 1000 516 dedi3
1042 470 1150 522 quod
1181 470 1290 509 idem
1319 475 1364 509 te
1393 469 1536 509 fecisse

332 541 513 579 arbitror.
572 541 676 579 Mihi
704 541 870 593 quidem
898 540 975 580 hoc
1003 544 1099 580 satis
1127 541 1297 580 videtur.
1354 541 1417 580 Tu
1437 540 1537 595 quid

332 611 460 649 dicis?
518 611 657 650 Unum
685 614 794 650 enim
823 615 984 663 pungit,
1011 625 1066 650 ne
1093 611 1425 663 neglegentiores
1447 624 1537 652 esse

333 682 551 721 videamur.
610 683 866 734 Exspectabo
884 685 1010 734 igitur
1027 689 1118 722 tuas
1136 683 1304 723 litteras.

868 866 1001 904 XLVI

729 976 868 1001 CICERO
898 976 1037 1002 ATTICO
1066 977 1142 1003 SAL.

387 1060 525 1098 Pollex
559 1060 739 1112 quidem,
771 1065 820 1098 ut
851 1059 1010 1099 dixerat
1041 1060 1093 1098 ad
1127 1060 1224 1098 Idus
1260 1058 1446 1108 Sextiles,
1479 1063 1536 1099 ita

330 1130 430 1168 mihi
451 1129 605 1168 Lanuvi
625 1130 756 1182 pridie
773 1129 869 1168 Idus
883 1136 1045 1181 praesto
1059 1130 1150 1178 fuit,
1165 1129 1238 1169 sed
1252 1129 1374 1182 plane
1387 1129 1537 1182 pollex,

329 1214 413 1240 non
430 1201 566 1240 index.
626 1201 853 1252 Cognosces
871 1204 997 1253 igitur
1016 1214 1067 1240 ex
1086 1204 1184 1253 ipso.
1244 1200 1415 1240 Balbum
1442 1214 1536 1241 con-

330 1275 434 1311 veni.
512 1272 643 1323 Lepta
684 1275 794 1311 enim
839 1272 892 1310 de
933 1285 1005 1311 sua
1044 1272 1282 1311 muneruml
1329 1275 1536 1312 curatione

329 1343 514 1381 laborans
529 1356 595 1381 me
613 1343 666 1381 ad
686 1356 780 1382 eum
799 1343 1056 1395 perduxerat.
1106 1343 1157 1382 In
1176 1356 1225 1382 co
1243 1348 1383 1382 autem
1403 1343 1536 1383 Lanu-

330 1417 435 1461 vino,
470 1413 578 1465 quod
612 1413 769 1465 Lepido
802 1414 982 1453 tradidit.
1051 1414 1114 1453 Ex
1146 1426 1196 1453 eo
1228 1413 1306 1452 hoc
1337 1416 1536 1466 primum:

330 1489 355 1507 “
370 1484 492 1523 Paulo
511 1490 608 1524 ante
627 1498 862 1536 acceperam
883 1498 951 1524 eas
968 1485 1140 1533 litteras,
1159 1488 1202 1523 in
1221 1486 1367 1538 quibus
1388 1498 1536 1538 magno

329 1541 451 1606 opere
482 1555 692 1594 confirmat
720 1561 818 1595 ante
847 1556 965 1595 ludos
998 1556 1236 1595 Romanos.''
1299 1556 1403 1609 Legi
1431 1559 1536 1610 epis-

329 1626 467 1666 tulam.
510 1627 643 1665 Multa
656 1628 709 1666 de
724 1642 815 1666 meo
831 1628 999 1676 Catone,
1013 1641 1093 1680 quo
1108 1630 1341 1680 saepissime
1359 1627 1536 1680 legendo

329 1710 372 1735 se
401 1697 504 1736 dicit
532 1701 795 1749 copiosiorem
826 1698 992 1746 factum,
1024 1699 1140 1737 Bruti
1171 1699 1324 1738 Catone
1354 1699 1464 1739 lecto
1492 1713 1535 1739 se

327 1770 404 1807 sibi
423 1771 551 1807 visum
571 1769 779 1808 disertum.
839 1770 900 1808 Ex
919 1783 968 1808 eo
988 1772 1158 1821 cognovi
1178 1772 1403 1809 cretionem
1421 1769 1536 1810 Cluvi

327 1839 370 1893 (o
389 1840 620 1879 Vestorium
639 1841 931 1893 neglegentem
948 1840 975 1895 1)
993 1841 1162 1880 liberam
1182 1834 1407 1881 cretionem
1419 1843 1536 1882 testi-

327 1912 402 1950 bus
431 1914 712 1963 praesentibus
745 1916 956 1964 sexaginta
987 1913 1145 1952 diebus.
1201 1913 1452 1962 Metuebam,
1481 1927 1534 1953 ne

326 1982 396 2022 ille
414 1984 678 2023 arcessendus
697 1989 817 2023 esset.
875 1985 996 2023 Nunc
1015 1984 1263 2023 mittendum
1283 1990 1427 2033 est,·ut
1443 1998 1535 2024 meo

349 2087 359 2108 ¹
383 2099 566 2122 munerum
576 2088 743 2129 Schmidt,
756 2089 828 2123 coll.
846 2089 944 2122 Fam.
960 2090 1006 2122 vi.
1025 2090 1075 2123 19.
1091 2090 1134 2124 2:
1161 2089 1289 2122 viinM
1301 2102 1310 2124 ε
1334 2089 1408 2123 vini
1422 2089 1509 2133 υιιῖρ.

329 2142 409 2177 200
