1572 2378
551 143 778 182 MARCUS
815 143 1060 184 TULLIUS
1099 142 1299 184 CICERO

320 231 481 281 publica
500 230 732 281 loquuntur.
793 231 916 269 Plane
946 231 1023 270 hoc
1053 233 1152 270 mihi
1183 233 1360 284 explices
1388 232 1522 282 velim,

319 294 363 330 in
383 295 521 343 primis
539 305 757 331 maneasne
776 295 820 331 in
839 297 1058 343 sententia,
1080 301 1127 334 ut
1149 298 1309 334 mittam
1335 295 1389 335 ad
1416 309 1524 344 eum,

320 368 424 406 quae
460 358 611 406 scripsi,
648 368 702 394 an
740 355 843 394 nihil
882 369 1049 396 necesse
1094 363 1226 408 putes.
1302 358 1386 398 Sed
1422 357 1522 398 haee

321 430 465 456 coram.

877 583 975 620 XIX

718 673 858 699 CICERO
888 674 1028 699 A'r'rlco
1057 676 1134 701 SAL.

40 736 118 773 Ser.
139 735 178 773 in
193 734 307 786 Arpi·
379 738 644 777 Commodum
676 739 916 779 discesserat
949 741 1112 779 Hilarus
1142 742 1324 781 librarius
1354 755 1393 781 xv
1423 742 1526 790 Kal,

40 789 119 827 '‘a“
133 788 232 841 Pmd·
257 788 304 826 K·
324 804 390 839 cui
408 802 599 839 dederam
619 802 777 840 litteras
795 803 848 840 ad
867 809 923 850 te,
943 817 1035 842 cum
1054 807 1168 843 venit
1186 805 1418 844 tabellarius
1436 819 1526 844 cum

41 844 165 887 Quml·
180 857 215 881 α·
233 843 309 882 709
323 867 405 902 tuis
424 864 571 902 litteris
590 864 719 915 pridie
739 865 867 911 datis3
896 868 938 903 in
958 867 1102 917 quibus
1130 867 1231 906 illud
1259 867 1359 906 mihi
1385 870 1528 919 gratis-

324 929 470 964 simum
490 926 581 973 fuit,
601 927 709 978 quod
731 928 869 966 Attica
887 933 1024 966 nostra
1041 935 1159 980 rogat
1177 935 1233 976 te,
1249 943 1303 969 ne
1316 933 1444 969 tristis
1462 933 1526 978 sis,

323 989 512 1040 quodque
532 995 579 1027 tu
599 990 769 1029 ἀκίνδυνα
788 1003 876 1028 esse
897 991 1046 1029 scribis.

379 1051 645 1102 Ligarianam,
666 1057 713 1090 ut
732 1053 863 1100 video,
878 1053 1082 1104 praeclare
1101 1058 1318 1094 auctoritas
1336 1061 1408 1094 tua
1426 1068 1528 1094 com-

324 1114 542 1152 mendavit.
583 1114 753 1164 Scripsit
782 1118 892 1153 enim
920 1115 972 1153 ad
999 1129 1066 1154 me
1096 1116 1244 1156 Balbus
1273 1117 1340 1156 etl
1371 1117 1528 1170 Oppius

323 1176 489 1214 mirifice
510 1189 553 1214 se
572 1178 755 1227 probare,
775 1178 827 1216 ob
850 1191 1020 1229 eamque
1049 1192 1208 1216 causam
1236 1179 1289 1218 ad
1317 1179 1526 1219 Caesarem

324 1253 414 1277 eam
444 1252 487 1277 se
517 1239 810 1278 oratiunculam
840 1243 1006 1279 misisse.
1069 1242 1159 1280 Hoc
1189 1245 1315 1293 igitur
1343 1243 1452 1282 idem
1482 1249 1526 1282 tu

324 1301 424 1340 mihi
443 1307 564 1340 antea
584 1305 808 1352 scripseras.

380 1364 429 1401 In
457 1364 635 1402 Varrone
662 1368 738 1402 ista
764 1379 881 1403 causa
899 1379 965 1404 me
985 1379 1064 1404 non
1085 1373 1281 1414 moveret,
1299 1381 1353 1406 ne
1372 1368 1530 1407 viderer

325 1426 544 1477 φιλένδοξος
563 1426 637 1479 (sic
658 1430 766 1465 enim
783 1431 1084 1476 constitueram,
1100 1433 1305 1468 neminem
1322 1430 1528 1469 includere

326 1492 367 1526 in
390 1488 570 1539 dialogos
600 1502 751 1536 eorum,
772 1493 841 1540 qui
860 1490 1086 1543 viverent);
1114 1491 1199 1539 sed,
1219 1495 1311 1544 quia
1329 1493 1468 1531 scribis
1486 1497 1530 1531 et

325 1551 544 1589 desiderari
573 1565 595 1588 a
627 1551 803 1589 Varrone
834 1557 878 1590 et
906 1555 1044 1603 magni
1074 1553 1187 1591 illum
1216 1558 1442 1602 aestimare,
1461 1567 1529 1594 eos

325 1613 482 1651 confeci
498 1618 541 1651 et
555 1613 719 1660 absolvi,
735 1617 869 1652 nescio
889 1628 1009 1665 quam
1030 1615 1150 1663 bene,
1164 1616 1236 1655 sed
1255 1619 1312 1654 ita
1330 1622 1528 1666 accurate,

326 1681 372 1714 ut
390 1676 492 1714 nihil
511 1681 648 1727 posset
667 1690 798 1728 supra,
824 1677 1109 1715 Academieam
1139 1693 1300 1718 omnem
1329 1682 1529 1731 quaestio—

326 1751 420 1776 nem
438 1738 550 1776 libris
569 1743 770 1789 quattuor.
829 1738 879 1777 In
905 1742 976 1786 eis,
995 1753 1099 1791 quae
1129 1746 1246 1779 erant
1273 1747 1414 1780 contra
1441 1745 1529 1782 ἅκα-

323 1800 513 1852 ταληψίαν
557 1801 763 1851 praeclare
809 1801 979 1839 collecta
1016 1803 1067 1840 ab
1106 1803 1323 1851 Antiocho,
1361 1804 1529 1842 Varroni

322 1861 430 1900 dedi.
489 1862 555 1900 Ad
584 1875 632 1900 ea
659 1865 746 1913 ipse
775 1863 1026 1912 responde03
1058 1870 1104 1903 tu
1133 1878 1176 1903 es
1204 1869 1350 1905 tertius
1377 1869 1420 1904 in
1447 1879 1529 1906 ser-

323 1937 444 1962 mone
463 1930 610 1964 nostro.
668 1926 711 1964 Si
731 1926 761 1964 C
763 1932 893 1965 otram
914 1932 958 1965 et
977 1926 1197 1965 Varronem
1217 1927 1403 1967 fecissem
1422 1931 1528 1968 inter

323 1999 366 2024 se
394 1986 663 2037 disputantes,
693 1993 740 2027 ut
769 2003 792 2026 a
823 1996 865 2027 te
897 1992 1087 2040 proximis
1117 1990 1266 2029 litteris
1295 1991 1527 2039 admoneor,

327 2122 400 2157 ¹38
747 2075 758 2097 ¹
781 2079 818 2109 ot
834 2077 951 2109 added
966 2077 1009 2118 by
1032 2077 1113 2111 Vict.
