<?xml version="1.0" encoding="UTF-8"?>
<!DOCTYPE html PUBLIC "-//W3C//DTD XHTML 1.0 Transitional//EN"
    "http://www.w3.org/TR/xhtml1/DTD/xhtml1-transitional.dtd">
<html xmlns="http://www.w3.org/1999/xhtml" xml:lang="en" lang="en">
 <head>
  <title>
</title>
<meta http-equiv="Content-Type" content="text/html;charset=utf-8" />
  <meta name='ocr-system' content='tesseract 3.04.00' />
  <meta name='ocr-capabilities' content='ocr_page ocr_carea ocr_par ocr_line ocrx_word'/>
</head>
<body>
  <div class='ocr_page' id='page_1' title='image "./letterstoatticuswins03ciceuoft_0092.png"; bbox 0 0 1572 2378; ppageno 0'>
   <div class='ocr_carea' id='block_1_1' title="bbox 558 171 1304 210">
    <p class='ocr_par' dir='ltr' id='par_1_1' title="bbox 558 171 1304 210">
     <span class='ocr_line' id='line_1_1' title="bbox 558 171 1304 210; baseline 0.001 -1"><span class='ocrx_word' id='word_1_1' title='bbox 558 171 784 210; x_wconf 89' lang='lat' dir='ltr'>MARCUS</span> <span class='ocrx_word' id='word_1_2' title='bbox 818 171 1063 210; x_wconf 91' lang='lat' dir='ltr'>TULLIUS</span> <span class='ocrx_word' id='word_1_3' title='bbox 1103 171 1304 210; x_wconf 83' lang='lat' dir='ltr'>CICERO</span> 
     </span>
    </p>
   </div>
   <div class='ocr_carea' id='block_1_2' title="bbox 296 258 1533 1230">
    <p class='ocr_par' dir='ltr' id='par_1_2' title="bbox 326 258 1533 627">
     <span class='ocr_line' id='line_1_2' title="bbox 328 258 1530 310; baseline -0.001 -12"><span class='ocrx_word' id='word_1_4' title='bbox 328 262 408 298; x_wconf 80' lang='lat' dir='ltr'><strong>cias</strong></span> <span class='ocrx_word' id='word_1_5' title='bbox 426 272 594 298; x_wconf 85' lang='lat' dir='ltr'><strong>necesse</strong></span> <span class='ocrx_word' id='word_1_6' title='bbox 612 264 687 298; x_wconf 87' lang='lat' dir='ltr'><strong>est.</strong></span> <span class='ocrx_word' id='word_1_7' title='bbox 738 259 929 297; x_wconf 90' lang='lat' dir='ltr'><strong>Maxuma</strong></span> <span class='ocrx_word' id='word_1_8' title='bbox 948 264 1012 297; x_wconf 88' lang='lat' dir='ltr'><strong>est</strong></span> <span class='ocrx_word' id='word_1_9' title='bbox 1030 262 1072 296; x_wconf 91' lang='lat' dir='ltr'><strong>in</strong></span> <span class='ocrx_word' id='word_1_10' title='bbox 1092 258 1288 310; x_wconf 84' lang='lat' dir='ltr'><strong>Scapulae</strong></span> <span class='ocrx_word' id='word_1_11' title='bbox 1307 259 1530 304; x_wconf 79' lang='lat' dir='ltr'><strong>celebritas,</strong></span> 
     </span>
     <span class='ocr_line' id='line_1_3' title="bbox 327 322 1531 377; baseline -0.001 -14"><span class='ocrx_word' id='word_1_12' title='bbox 327 328 605 377; x_wconf 83' lang='lat' dir='ltr'><strong>propinquitas</strong></span> <span class='ocrx_word' id='word_1_13' title='bbox 623 331 836 376; x_wconf 87' lang='lat' dir='ltr'><strong>praeterea</strong></span> <span class='ocrx_word' id='word_1_14' title='bbox 856 326 924 362; x_wconf 92' lang='lat' dir='ltr'><strong>ubi</strong></span> <span class='ocrx_word' id='word_1_15' title='bbox 944 327 1010 372; x_wconf 89' lang='lat' dir='ltr'><strong>sis,</strong></span> <span class='ocrx_word' id='word_1_16' title='bbox 1026 337 1078 363; x_wconf 90' lang='lat' dir='ltr'><strong>ne</strong></span> <span class='ocrx_word' id='word_1_17' title='bbox 1097 330 1228 363; x_wconf 88' lang='lat' dir='ltr'><strong>totum</strong></span> <span class='ocrx_word' id='word_1_18' title='bbox 1246 323 1355 362; x_wconf 90' lang='lat' dir='ltr'><strong>diem</strong></span> <span class='ocrx_word' id='word_1_19' title='bbox 1369 326 1413 362; x_wconf 92' lang='lat' dir='ltr'><strong>in</strong></span> <span class='ocrx_word' id='word_1_20' title='bbox 1425 322 1531 362; x_wconf 84' lang='lat' dir='ltr'><strong>villa.</strong></span> 
     </span>
     <span class='ocr_line' id='line_1_4' title="bbox 327 390 1533 442; baseline -0.001 -13"><span class='ocrx_word' id='word_1_21' title='bbox 327 390 477 438; x_wconf 82' lang='lat' dir='ltr'><strong>Quare,</strong></span> <span class='ocrx_word' id='word_1_22' title='bbox 496 396 717 442; x_wconf 79' lang='lat' dir='ltr'><strong>antequam</strong></span> <span class='ocrx_word' id='word_1_23' title='bbox 746 390 935 437; x_wconf 86' lang='lat' dir='ltr'>discedis,</span> <span class='ocrx_word' id='word_1_24' title='bbox 965 390 1188 437; x_wconf 82' lang='lat' dir='ltr'>Othonem,</span> <span class='ocrx_word' id='word_1_25' title='bbox 1216 392 1248 428; x_wconf 91' lang='lat' dir='ltr'><strong>si</strong></span> <span class='ocrx_word' id='word_1_26' title='bbox 1280 390 1430 428; x_wconf 87' lang='lat' dir='ltr'><strong>Romae</strong></span> <span class='ocrx_word' id='word_1_27' title='bbox 1456 394 1533 437; x_wconf 80' lang='lat' dir='ltr'><strong>est,</strong></span> 
     </span>
     <span class='ocr_line' id='line_1_5' title="bbox 326 455 1532 507; baseline 0 -13"><span class='ocrx_word' id='word_1_28' title='bbox 326 458 541 494; x_wconf 83' lang='lat' dir='ltr'>convenias</span> <span class='ocrx_word' id='word_1_29' title='bbox 578 456 785 507; x_wconf 88' lang='lat' dir='ltr'><strong>pervelim.</strong></span> <span class='ocrx_word' id='word_1_30' title='bbox 854 455 897 494; x_wconf 90' lang='lat' dir='ltr'><strong>Si</strong></span> <span class='ocrx_word' id='word_1_31' title='bbox 934 455 1036 493; x_wconf 89' lang='lat' dir='ltr'><strong>nihil</strong></span> <span class='ocrx_word' id='word_1_32' title='bbox 1074 457 1166 502; x_wconf 89' lang='lat' dir='ltr'><strong>erit,</strong></span> <span class='ocrx_word' id='word_1_33' title='bbox 1204 457 1281 494; x_wconf 92' lang='lat' dir='ltr'><strong>etsi</strong></span> <span class='ocrx_word' id='word_1_34' title='bbox 1317 460 1363 494; x_wconf 89' lang='lat' dir='ltr'><strong>tu</strong></span> <span class='ocrx_word' id='word_1_35' title='bbox 1399 467 1532 494; x_wconf 70' lang='lat' dir='ltr'><strong>meam</strong></span> 
     </span>
     <span class='ocr_line' id='line_1_6' title="bbox 326 521 1532 573; baseline 0 -13"><span class='ocrx_word' id='word_1_36' title='bbox 326 522 544 561; x_wconf 77' lang='lat' dir='ltr'><strong>stultitiam</strong></span> <span class='ocrx_word' id='word_1_37' title='bbox 573 524 777 560; x_wconf 82' lang='lat' dir='ltr'><strong>consuesti</strong></span> <span class='ocrx_word' id='word_1_38' title='bbox 805 521 925 568; x_wconf 88' lang='lat' dir='ltr'><strong>ferre,</strong></span> <span class='ocrx_word' id='word_1_39' title='bbox 955 535 1004 560; x_wconf 91' lang='lat' dir='ltr'><strong>eo</strong></span> <span class='ocrx_word' id='word_1_40' title='bbox 1031 527 1173 560; x_wconf 92' lang='lat' dir='ltr'><strong>tamen</strong></span> <span class='ocrx_word' id='word_1_41' title='bbox 1199 521 1446 573; x_wconf 85' lang='lat' dir='ltr'><strong>progrediar,</strong></span> <span class='ocrx_word' id='word_1_42' title='bbox 1471 523 1532 560; x_wconf 85' lang='lat' dir='ltr'><strong>uti</strong></span> 
     </span>
     <span class='ocr_line' id='line_1_7' title="bbox 327 587 1532 627; baseline -0.001 -1"><span class='ocrx_word' id='word_1_43' title='bbox 327 588 591 627; x_wconf 89' lang='lat' dir='ltr'><strong>stomachere.</strong></span> <span class='ocrx_word' id='word_1_44' title='bbox 651 588 806 626; x_wconf 83' lang='lat' dir='ltr'><strong>Drusus</strong></span> <span class='ocrx_word' id='word_1_45' title='bbox 839 590 950 626; x_wconf 90' lang='lat' dir='ltr'><strong>enim</strong></span> <span class='ocrx_word' id='word_1_46' title='bbox 983 593 1096 626; x_wconf 87' lang='lat' dir='ltr'><strong>certe</strong></span> <span class='ocrx_word' id='word_1_47' title='bbox 1126 587 1304 626; x_wconf 87' lang='lat' dir='ltr'><strong>vendere</strong></span> <span class='ocrx_word' id='word_1_48' title='bbox 1336 587 1433 626; x_wconf 90' lang='lat' dir='ltr'><strong>vult.</strong></span> <span class='ocrx_word' id='word_1_49' title='bbox 1490 587 1532 627; x_wconf 87' lang='lat' dir='ltr'><strong>Si</strong></span> 
     </span>
    </p>

    <p class='ocr_par' dir='ltr' id='par_1_3' title="bbox 296 652 1533 954">
     <span class='ocr_line' id='line_1_8' title="bbox 296 652 1533 705; baseline -0.001 -12"><span class='ocrx_word' id='word_1_50' title='bbox 296 674 309 682; x_wconf 80' lang='lat'><strong>·</strong></span> <span class='ocrx_word' id='word_1_51' title='bbox 327 667 425 705; x_wconf 89' lang='lat' dir='ltr'><strong>ergo</strong></span> <span class='ocrx_word' id='word_1_52' title='bbox 443 653 554 691; x_wconf 86' lang='lat' dir='ltr'><strong>aliud</strong></span> <span class='ocrx_word' id='word_1_53' title='bbox 573 666 656 691; x_wconf 91' lang='lat' dir='ltr'><strong>non</strong></span> <span class='ocrx_word' id='word_1_54' title='bbox 671 656 761 700; x_wconf 89' lang='lat' dir='ltr'><strong>erit,</strong></span> <span class='ocrx_word' id='word_1_55' title='bbox 775 666 867 691; x_wconf 89' lang='lat' dir='ltr'><strong>mea</strong></span> <span class='ocrx_word' id='word_1_56' title='bbox 879 653 892 677; x_wconf 84' lang='lat'>1</span> <span class='ocrx_word' id='word_1_57' title='bbox 910 656 989 691; x_wconf 86' lang='lat' dir='ltr'><strong>erit</strong></span> <span class='ocrx_word' id='word_1_58' title='bbox 1007 653 1138 704; x_wconf 90' lang='lat' dir='ltr'><strong>culpa,</strong></span> <span class='ocrx_word' id='word_1_59' title='bbox 1153 655 1231 691; x_wconf 88' lang='lat' dir='ltr'><strong>nisi</strong></span> <span class='ocrx_word' id='word_1_60' title='bbox 1251 665 1397 691; x_wconf 87' lang='lat' dir='ltr'><strong>emero.</strong></span> <span class='ocrx_word' id='word_1_61' title='bbox 1441 652 1533 702; x_wconf 85' lang='lat' dir='ltr'><strong>Qua</strong></span> 
     </span>
     <span class='ocr_line' id='line_1_9' title="bbox 326 717 1532 770; baseline 0.002 -14"><span class='ocrx_word' id='word_1_62' title='bbox 326 722 369 757; x_wconf 89' lang='lat' dir='ltr'><strong>in</strong></span> <span class='ocrx_word' id='word_1_63' title='bbox 397 732 440 757; x_wconf 88' lang='lat' dir='ltr'><strong>re</strong></span> <span class='ocrx_word' id='word_1_64' title='bbox 469 732 522 757; x_wconf 90' lang='lat' dir='ltr'><strong>ne</strong></span> <span class='ocrx_word' id='word_1_65' title='bbox 550 719 674 765; x_wconf 87' lang='lat' dir='ltr'><strong>labar,</strong></span> <span class='ocrx_word' id='word_1_66' title='bbox 703 731 866 770; x_wconf 86' lang='lat' dir='ltr'><strong>quaeso,</strong></span> <span class='ocrx_word' id='word_1_67' title='bbox 895 718 1074 769; x_wconf 87' lang='lat' dir='ltr'><strong>provide.</strong></span> <span class='ocrx_word' id='word_1_68' title='bbox 1134 717 1376 756; x_wconf 86' lang='lat' dir='ltr'><strong>Providendi</strong></span> <span class='ocrx_word' id='word_1_69' title='bbox 1395 723 1532 758; x_wconf 78' lang='lat' dir='ltr'><strong>autem</strong></span> 
     </span>
     <span class='ocr_line' id='line_1_10' title="bbox 326 783 1533 835; baseline 0.001 -13"><span class='ocrx_word' id='word_1_70' title='bbox 326 797 406 822; x_wconf 91' lang='lat' dir='ltr'><strong>una</strong></span> <span class='ocrx_word' id='word_1_71' title='bbox 433 786 536 822; x_wconf 84' lang='lat' dir='ltr'><strong>ratio</strong></span> <span class='ocrx_word' id='word_1_72' title='bbox 564 789 640 831; x_wconf 85' lang='lat' dir='ltr'><strong>est,</strong></span> <span class='ocrx_word' id='word_1_73' title='bbox 669 786 703 822; x_wconf 92' lang='lat' dir='ltr'><strong>si</strong></span> <span class='ocrx_word' id='word_1_74' title='bbox 730 783 829 835; x_wconf 92' lang='lat' dir='ltr'><strong>quid</strong></span> <span class='ocrx_word' id='word_1_75' title='bbox 856 783 909 822; x_wconf 92' lang='lat' dir='ltr'><strong>de</strong></span> <span class='ocrx_word' id='word_1_76' title='bbox 938 783 1174 835; x_wconf 85' lang='lat' dir='ltr'><strong>Scapulanis</strong></span> <span class='ocrx_word' id='word_1_77' title='bbox 1199 796 1420 835; x_wconf 85' lang='lat' dir='ltr'><strong>possumus.</strong></span> <span class='ocrx_word' id='word_1_78' title='bbox 1477 783 1533 823; x_wconf 88' lang='lat' dir='ltr'><strong>Et</strong></span> 
     </span>
     <span class='ocr_line' id='line_1_11' title="bbox 324 848 1532 901; baseline 0.001 -14"><span class='ocrx_word' id='word_1_79' title='bbox 324 850 445 888; x_wconf 92' lang='lat' dir='ltr'><strong>velim</strong></span> <span class='ocrx_word' id='word_1_80' title='bbox 474 862 541 888; x_wconf 90' lang='lat' dir='ltr'><strong>me</strong></span> <span class='ocrx_word' id='word_1_81' title='bbox 571 852 786 888; x_wconf 79' lang='lat' dir='ltr'><strong>certiorem</strong></span> <span class='ocrx_word' id='word_1_82' title='bbox 817 848 951 896; x_wconf 83' lang='lat' dir='ltr'><strong>facias,</strong></span> <span class='ocrx_word' id='word_1_83' title='bbox 982 862 1104 901; x_wconf 86' lang='lat' dir='ltr'><strong>quam</strong></span> <span class='ocrx_word' id='word_1_84' title='bbox 1132 849 1202 887; x_wconf 92' lang='lat' dir='ltr'><strong>diu</strong></span> <span class='ocrx_word' id='word_1_85' title='bbox 1231 851 1275 887; x_wconf 91' lang='lat' dir='ltr'><strong>in</strong></span> <span class='ocrx_word' id='word_1_86' title='bbox 1303 849 1532 888; x_wconf 84' lang='lat' dir='ltr'><strong>suburbano</strong></span> 
     </span>
     <span class='ocr_line' id='line_1_12' title="bbox 324 916 568 954; baseline -0.004 0"><span class='ocrx_word' id='word_1_87' title='bbox 324 918 377 954; x_wconf 89' lang='lat' dir='ltr'><strong>sis</strong></span> <span class='ocrx_word' id='word_1_88' title='bbox 396 916 568 954; x_wconf 86' lang='lat' dir='ltr'><strong>futurus.</strong></span> 
     </span>
    </p>

    <p class='ocr_par' dir='ltr' id='par_1_4' title="bbox 323 981 1531 1230">
     <span class='ocr_line' id='line_1_13' title="bbox 379 981 1531 1033; baseline -0.001 -13"><span class='ocrx_word' id='word_1_89' title='bbox 379 982 502 1033; x_wconf 90' lang='lat' dir='ltr'><strong>Apud</strong></span> <span class='ocrx_word' id='word_1_90' title='bbox 533 981 769 1019; x_wconf 83' lang='lat' dir='ltr'><strong>Terentiam</strong></span> <span class='ocrx_word' id='word_1_91' title='bbox 802 987 886 1019; x_wconf 90' lang='lat' dir='ltr'><strong>tam</strong></span> <span class='ocrx_word' id='word_1_92' title='bbox 918 984 1050 1032; x_wconf 88' lang='lat' dir='ltr'><strong>gratia</strong></span> <span class='ocrx_word' id='word_1_93' title='bbox 1082 994 1183 1032; x_wconf 91' lang='lat' dir='ltr'><strong>opus</strong></span> <span class='ocrx_word' id='word_1_94' title='bbox 1216 986 1281 1020; x_wconf 88' lang='lat' dir='ltr'><strong>est</strong></span> <span class='ocrx_word' id='word_1_95' title='bbox 1311 982 1429 1019; x_wconf 82' lang='lat' dir='ltr'><strong>nobis</strong></span> <span class='ocrx_word' id='word_1_96' title='bbox 1460 986 1531 1020; x_wconf 83' lang='lat' dir='ltr'><strong>tua</strong></span> 
     </span>
     <span class='ocr_line' id='line_1_14' title="bbox 323 1045 1531 1099; baseline -0.002 -13"><span class='ocrx_word' id='word_1_97' title='bbox 323 1061 444 1099; x_wconf 88' lang='lat' dir='ltr'><strong>quam</strong></span> <span class='ocrx_word' id='word_1_98' title='bbox 475 1049 730 1086; x_wconf 88' lang='lat' dir='ltr'><strong>auctoritate.</strong></span> <span class='ocrx_word' id='word_1_99' title='bbox 789 1045 871 1084; x_wconf 85' lang='lat' dir='ltr'><strong>Sed</strong></span> <span class='ocrx_word' id='word_1_100' title='bbox 909 1046 1045 1093; x_wconf 89' lang='lat' dir='ltr'><strong>facies,</strong></span> <span class='ocrx_word' id='word_1_101' title='bbox 1082 1051 1130 1085; x_wconf 88' lang='lat' dir='ltr'><strong>ut</strong></span> <span class='ocrx_word' id='word_1_102' title='bbox 1168 1046 1381 1085; x_wconf 89' lang='lat' dir='ltr'><strong>videbitur.</strong></span> <span class='ocrx_word' id='word_1_103' title='bbox 1439 1045 1531 1086; x_wconf 87' lang='lat' dir='ltr'><strong>Scio</strong></span> 
     </span>
     <span class='ocr_line' id='line_1_15' title="bbox 324 1111 1530 1164; baseline -0.001 -13"><span class='ocrx_word' id='word_1_104' title='bbox 324 1116 445 1160; x_wconf 89' lang='lat' dir='ltr'><strong>enim,</strong></span> <span class='ocrx_word' id='word_1_105' title='bbox 474 1116 508 1151; x_wconf 92' lang='lat' dir='ltr'><strong>si</strong></span> <span class='ocrx_word' id='word_1_106' title='bbox 534 1112 633 1164; x_wconf 94' lang='lat' dir='ltr'><strong>quid</strong></span> <span class='ocrx_word' id='word_1_107' title='bbox 660 1125 752 1151; x_wconf 89' lang='lat' dir='ltr'><strong>mea</strong></span> <span class='ocrx_word' id='word_1_108' title='bbox 777 1114 952 1159; x_wconf 89' lang='lat' dir='ltr'><strong>intersit,</strong></span> <span class='ocrx_word' id='word_1_109' title='bbox 980 1112 1057 1150; x_wconf 93' lang='lat' dir='ltr'><strong>tibi</strong></span> <span class='ocrx_word' id='word_1_110' title='bbox 1084 1114 1225 1150; x_wconf 81' lang='lat' dir='ltr'><strong>maiori</strong></span> <span class='ocrx_word' id='word_1_111' title='bbox 1253 1124 1373 1150; x_wconf 88' lang='lat' dir='ltr'><strong>curae</strong></span> <span class='ocrx_word' id='word_1_112' title='bbox 1401 1111 1530 1151; x_wconf 84' lang='lat' dir='ltr'><strong>solere</strong></span> 
     </span>
     <span class='ocr_line' id='line_1_16' title="bbox 323 1177 681 1230; baseline -0.006 -12"><span class='ocrx_word' id='word_1_113' title='bbox 323 1193 410 1218; x_wconf 90' lang='lat' dir='ltr'><strong>esse</strong></span> <span class='ocrx_word' id='word_1_114' title='bbox 431 1192 552 1230; x_wconf 92' lang='lat' dir='ltr'><strong>quam</strong></span> <span class='ocrx_word' id='word_1_115' title='bbox 570 1177 681 1217; x_wconf 89' lang='lat' dir='ltr'><strong>mihi.</strong></span> 
     </span>
    </p>
   </div>
   <div class='ocr_carea' id='block_1_3' title="bbox 815 1307 1041 1345">
    <p class='ocr_par' dir='ltr' id='par_1_5' title="bbox 815 1307 1041 1345">
     <span class='ocr_line' id='line_1_17' title="bbox 815 1307 1041 1345; baseline 0 0"><span class='ocrx_word' id='word_1_116' title='bbox 815 1307 1041 1345; x_wconf 91' lang='lat' dir='ltr'><strong>XXXVIIa</strong></span> 
     </span>
    </p>
   </div>
   <div class='ocr_carea' id='block_1_4' title="bbox 719 1400 1135 1427">
    <p class='ocr_par' dir='ltr' id='par_1_6' title="bbox 719 1400 1135 1427">
     <span class='ocr_line' id='line_1_18' title="bbox 719 1400 1135 1427; baseline 0.005 -2"><span class='ocrx_word' id='word_1_117' title='bbox 719 1401 859 1425; x_wconf 79' lang='lat' dir='ltr'>CICERO</span> <span class='ocrx_word' id='word_1_118' title='bbox 889 1400 1029 1425; x_wconf 78' lang='lat' dir='ltr'><strong>ATTlco</strong></span> <span class='ocrx_word' id='word_1_119' title='bbox 1057 1400 1135 1427; x_wconf 77' lang='lat' dir='ltr'>SAL.</span> 
     </span>
    </p>
   </div>
   <div class='ocr_carea' id='block_1_5' title="bbox 37 1467 1572 2038">
    <p class='ocr_par' dir='ltr' id='par_1_7' title="bbox 37 1467 1572 2038">
     <span class='ocr_line' id='line_1_19' title="bbox 37 1467 1529 1518; baseline 0.001 -11"><span class='ocrx_word' id='word_1_120' title='bbox 37 1478 116 1517; x_wconf 63' lang='lat' dir='ltr'><strong>Ser,</strong></span> <span class='ocrx_word' id='word_1_121' title='bbox 143 1478 306 1516; x_wconf 65' lang='lat' dir='ltr'><strong>Asturae</strong></span> <span class='ocrx_word' id='word_1_122' title='bbox 379 1471 538 1508; x_wconf 78' lang='lat' dir='ltr'><strong>Hirtius</strong></span> <span class='ocrx_word' id='word_1_123' title='bbox 568 1468 619 1506; x_wconf 86' lang='lat' dir='ltr'><strong>ad</strong></span> <span class='ocrx_word' id='word_1_124' title='bbox 650 1481 716 1505; x_wconf 91' lang='lat' dir='ltr'><strong>me</strong></span> <span class='ocrx_word' id='word_1_125' title='bbox 748 1470 907 1517; x_wconf 81' lang='lat' dir='ltr'><strong>scripsit</strong></span> <span class='ocrx_word' id='word_1_126' title='bbox 940 1467 1031 1505; x_wconf 86' lang='lat' dir='ltr'><strong>Sex.</strong></span> <span class='ocrx_word' id='word_1_127' title='bbox 1071 1467 1306 1518; x_wconf 89' lang='lat' dir='ltr'><strong>Pompeium</strong></span> <span class='ocrx_word' id='word_1_128' title='bbox 1343 1469 1529 1509; x_wconf 82' lang='lat' dir='ltr'><strong>Corduba</strong></span> 
     </span>
     <span class='ocr_line' id='line_1_20' title="bbox 39 1531 1527 1585; baseline 0.003 -15"><span class='ocrx_word' id='word_1_129' title='bbox 39 1532 111 1571; x_wconf 92' lang='lat' dir='ltr'><strong>III</strong></span> <span class='ocrx_word' id='word_1_130' title='bbox 125 1531 224 1571; x_wconf 87' lang='lat' dir='ltr'><strong>Non.</strong></span> <span class='ocrx_word' id='word_1_131' title='bbox 322 1539 451 1574; x_wconf 89' lang='lat' dir='ltr'><strong>exisse</strong></span> <span class='ocrx_word' id='word_1_132' title='bbox 481 1540 524 1573; x_wconf 91' lang='lat' dir='ltr'><strong>et</strong></span> <span class='ocrx_word' id='word_1_133' title='bbox 550 1534 703 1585; x_wconf 86' lang='lat' dir='ltr'><strong>fugisse</strong></span> <span class='ocrx_word' id='word_1_134' title='bbox 732 1535 775 1570; x_wconf 89' lang='lat' dir='ltr'><strong>in</strong></span> <span class='ocrx_word' id='word_1_135' title='bbox 806 1533 1046 1583; x_wconf 86' lang='lat' dir='ltr'><strong>Hispaniam</strong></span> <span class='ocrx_word' id='word_1_136' title='bbox 1075 1536 1318 1581; x_wconf 82' lang='lat' dir='ltr'><strong>citeriorem,</strong></span> <span class='ocrx_word' id='word_1_137' title='bbox 1341 1534 1527 1574; x_wconf 73' lang='lat' dir='ltr'><strong>Gnaeum</strong></span> 
     </span>
     <span class='ocr_line' id='line_1_21' title="bbox 37 1586 1528 1649; baseline 0.001 -13"><span class='ocrx_word' id='word_1_138' title='bbox 37 1586 134 1626; x_wconf 66' lang='lat' dir='ltr'><strong>Mai·</strong></span> <span class='ocrx_word' id='word_1_139' title='bbox 154 1600 189 1625; x_wconf 74' lang='lat'><strong>“-</strong></span> <span class='ocrx_word' id='word_1_140' title='bbox 215 1588 292 1627; x_wconf 78' lang='lat'><strong>709</strong></span> <span class='ocrx_word' id='word_1_141' title='bbox 322 1599 474 1649; x_wconf 86' lang='lat' dir='ltr'><strong>fugisse</strong></span> <span class='ocrx_word' id='word_1_142' title='bbox 503 1599 640 1635; x_wconf 91' lang='lat' dir='ltr'><strong>nescio</strong></span> <span class='ocrx_word' id='word_1_143' title='bbox 670 1608 773 1647; x_wconf 90' lang='lat' dir='ltr'><strong>quo;</strong></span> <span class='ocrx_word' id='word_1_144' title='bbox 811 1608 946 1647; x_wconf 90' lang='lat' dir='ltr'><strong>neque</strong></span> <span class='ocrx_word' id='word_1_145' title='bbox 976 1598 1085 1633; x_wconf 91' lang='lat' dir='ltr'><strong>enim</strong></span> <span class='ocrx_word' id='word_1_146' title='bbox 1117 1609 1222 1634; x_wconf 88' lang='lat' dir='ltr'><strong>euro.</strong></span> <span class='ocrx_word' id='word_1_147' title='bbox 1283 1597 1392 1634; x_wconf 89' lang='lat' dir='ltr'><strong>Nihil</strong></span> <span class='ocrx_word' id='word_1_148' title='bbox 1417 1611 1528 1649; x_wconf 85' lang='lat' dir='ltr'><strong>prae-</strong></span> 
     </span>
     <span class='ocr_line' id='line_1_22' title="bbox 320 1658 1524 1700; baseline 0 0"><span class='ocrx_word' id='word_1_149' title='bbox 320 1667 433 1700; x_wconf 89' lang='lat' dir='ltr'><strong>terea</strong></span> <span class='ocrx_word' id='word_1_150' title='bbox 452 1662 556 1698; x_wconf 90' lang='lat' dir='ltr'><strong>novi.</strong></span> <span class='ocrx_word' id='word_1_151' title='bbox 617 1659 792 1697; x_wconf 84' lang='lat' dir='ltr'><strong>Litteras</strong></span> <span class='ocrx_word' id='word_1_152' title='bbox 820 1658 1011 1696; x_wconf 87' lang='lat' dir='ltr'><strong>Narbone</strong></span> <span class='ocrx_word' id='word_1_153' title='bbox 1030 1658 1148 1697; x_wconf 90' lang='lat' dir='ltr'><strong>dedit</strong></span> <span class='ocrx_word' id='word_1_154' title='bbox 1166 1671 1251 1697; x_wconf 85' lang='lat' dir='ltr'><strong>xnu</strong></span> <span class='ocrx_word' id='word_1_155' title='bbox 1276 1659 1362 1698; x_wconf 84' lang='lat' dir='ltr'><strong>Kal.</strong></span> <span class='ocrx_word' id='word_1_156' title='bbox 1386 1661 1524 1700; x_wconf 83' lang='lat' dir='ltr'><strong>Maias.</strong></span> 
     </span>
     <span class='ocr_line' id='line_1_23' title="bbox 319 1723 1523 1775; baseline 0 -10"><span class='ocrx_word' id='word_1_157' title='bbox 319 1727 379 1765; x_wconf 93' lang='lat' dir='ltr'><strong>Tu</strong></span> <span class='ocrx_word' id='word_1_158' title='bbox 412 1725 513 1763; x_wconf 88' lang='lat' dir='ltr'><strong>mihi</strong></span> <span class='ocrx_word' id='word_1_159' title='bbox 546 1724 598 1762; x_wconf 94' lang='lat' dir='ltr'><strong>de</strong></span> <span class='ocrx_word' id='word_1_160' title='bbox 633 1723 776 1761; x_wconf 84' lang='lat' dir='ltr'><strong>Canini</strong></span> <span class='ocrx_word' id='word_1_161' title='bbox 810 1723 1021 1774; x_wconf 86' lang='lat' dir='ltr'><strong>naufragio</strong></span> <span class='ocrx_word' id='word_1_162' title='bbox 1059 1726 1172 1775; x_wconf 88' lang='lat' dir='ltr'><strong>quasi</strong></span> <span class='ocrx_word' id='word_1_163' title='bbox 1209 1723 1332 1762; x_wconf 88' lang='lat' dir='ltr'><strong>dubia</strong></span> <span class='ocrx_word' id='word_1_164' title='bbox 1368 1728 1523 1765; x_wconf 83' lang='lat' dir='ltr'><strong>misisti.</strong></span> 
     </span>
     <span class='ocr_line' id='line_1_24' title="bbox 318 1788 1525 1841; baseline -0.001 -10"><span class='ocrx_word' id='word_1_165' title='bbox 318 1793 476 1831; x_wconf 76' lang='lat' dir='ltr'><strong>Sci-ibes</strong></span> <span class='ocrx_word' id='word_1_166' title='bbox 495 1793 634 1841; x_wconf 84' lang='lat' dir='ltr'><strong>igitur,</strong></span> <span class='ocrx_word' id='word_1_167' title='bbox 653 1792 685 1826; x_wconf 88' lang='lat' dir='ltr'><strong>si</strong></span> <span class='ocrx_word' id='word_1_168' title='bbox 705 1788 802 1840; x_wconf 93' lang='lat' dir='ltr'><strong>quid</strong></span> <span class='ocrx_word' id='word_1_169' title='bbox 823 1792 901 1826; x_wconf 86' lang='lat' dir='ltr'><strong>erit</strong></span> <span class='ocrx_word' id='word_1_170' title='bbox 920 1791 1080 1827; x_wconf 82' lang='lat' dir='ltr'><strong>certius.</strong></span> <span class='ocrx_word' id='word_1_171' title='bbox 1130 1788 1251 1836; x_wconf 86' lang='lat' dir='ltr'><strong>Quod</strong></span> <span class='ocrx_word' id='word_1_172' title='bbox 1271 1803 1338 1828; x_wconf 90' lang='lat' dir='ltr'><strong>me</strong></span> <span class='ocrx_word' id='word_1_173' title='bbox 1356 1804 1380 1828; x_wconf 92' lang='lat' dir='ltr'><strong>a</strong></span> <span class='ocrx_word' id='word_1_174' title='bbox 1397 1803 1525 1830; x_wconf 81' lang='lat' dir='ltr'><strong>maes-</strong></span> 
     </span>
     <span class='ocr_line' id='line_1_25' title="bbox 317 1853 1572 1901; baseline 0.001 -6"><span class='ocrx_word' id='word_1_175' title='bbox 317 1861 408 1896; x_wconf 86' lang='lat' dir='ltr'><strong>titia</strong></span> <span class='ocrx_word' id='word_1_176' title='bbox 436 1869 590 1901; x_wconf 88' lang='lat' dir='ltr'><strong>avocas,</strong></span> <span class='ocrx_word' id='word_1_177' title='bbox 614 1854 789 1892; x_wconf 88' lang='lat' dir='ltr'><strong>multum</strong></span> <span class='ocrx_word' id='word_1_178' title='bbox 819 1853 976 1900; x_wconf 90' lang='lat' dir='ltr'><strong>levaris,</strong></span> <span class='ocrx_word' id='word_1_179' title='bbox 1004 1857 1037 1892; x_wconf 90' lang='lat' dir='ltr'><strong>si</strong></span> <span class='ocrx_word' id='word_1_180' title='bbox 1067 1854 1199 1893; x_wconf 90' lang='lat' dir='ltr'><strong>locum</strong></span> <span class='ocrx_word' id='word_1_181' title='bbox 1228 1854 1322 1893; x_wconf 86' lang='lat' dir='ltr'><strong>fano</strong></span> <span class='ocrx_word' id='word_1_182' title='bbox 1349 1854 1522 1896; x_wconf 81' lang='lat' dir='ltr'><strong>dederis.</strong></span> <span class='ocrx_word' id='word_1_183' title='bbox 1570 1872 1572 1875; x_wconf 90' lang='lat'>·</span> 
     </span>
     <span class='ocr_line' id='line_1_26' title="bbox 319 1920 1572 1969; baseline 0 -8"><span class='ocrx_word' id='word_1_184' title='bbox 319 1923 451 1961; x_wconf 86' lang='lat' dir='ltr'><strong>Multa</strong></span> <span class='ocrx_word' id='word_1_185' title='bbox 470 1921 569 1959; x_wconf 89' lang='lat' dir='ltr'><strong>mihi</strong></span> <span class='ocrx_word' id='word_1_186' title='bbox 590 1923 639 1962; x_wconf 81' lang='grc' dir='ltr'><strong>εἰς</strong></span> <span class='ocrx_word' id='word_1_187' title='bbox 658 1920 870 1959; x_wconf 81' lang='grc' dir='ltr'>ἀποθέωσιν</span> <span class='ocrx_word' id='word_1_188' title='bbox 889 1922 930 1956; x_wconf 93' lang='lat' dir='ltr'><strong>in</strong></span> <span class='ocrx_word' id='word_1_189' title='bbox 951 1925 1135 1957; x_wconf 85' lang='lat' dir='ltr'><strong>mentem</strong></span> <span class='ocrx_word' id='word_1_190' title='bbox 1151 1923 1334 1969; x_wconf 89' lang='lat' dir='ltr'><strong>veniunt,</strong></span> <span class='ocrx_word' id='word_1_191' title='bbox 1349 1921 1421 1960; x_wconf 88' lang='lat' dir='ltr'><strong>sed</strong></span> <span class='ocrx_word' id='word_1_192' title='bbox 1434 1921 1524 1962; x_wconf 87' lang='lat' dir='ltr'><strong>loco</strong></span> <span class='ocrx_word' id='word_1_193' title='bbox 1567 1947 1572 1967; x_wconf 31' lang='grc' dir='ltr'>ὲ</span> 
     </span>
     <span class='ocr_line' id='line_1_27' title="bbox 317 1984 1340 2038; baseline -0.002 -11"><span class='ocrx_word' id='word_1_194' title='bbox 317 1988 433 2027; x_wconf 90' lang='lat' dir='ltr'><strong>valde</strong></span> <span class='ocrx_word' id='word_1_195' title='bbox 453 2000 553 2038; x_wconf 91' lang='lat' dir='ltr'><strong>opus</strong></span> <span class='ocrx_word' id='word_1_196' title='bbox 572 1991 646 2024; x_wconf 87' lang='lat' dir='ltr'><strong>est.</strong></span> <span class='ocrx_word' id='word_1_197' title='bbox 705 1984 840 2032; x_wconf 88' lang='lat' dir='ltr'><strong>Quare</strong></span> <span class='ocrx_word' id='word_1_198' title='bbox 862 1988 986 2022; x_wconf 91' lang='lat' dir='ltr'><strong>etiam</strong></span> <span class='ocrx_word' id='word_1_199' title='bbox 1007 1984 1218 2024; x_wconf 89' lang='lat' dir='ltr'><strong>Othonem</strong></span> <span class='ocrx_word' id='word_1_200' title='bbox 1238 1986 1340 2025; x_wconf 89' lang='lat' dir='ltr'><strong>vide.</strong></span> 
     </span>
    </p>
   </div>
   <div class='ocr_carea' id='block_1_6' title="bbox 497 2068 1369 2109">
    <p class='ocr_par' dir='ltr' id='par_1_8' title="bbox 497 2068 1369 2109">
     <span class='ocr_line' id='line_1_28' title="bbox 497 2068 1369 2109; baseline 0.003 -7"><span class='ocrx_word' id='word_1_201' title='bbox 497 2072 509 2092; x_wconf 83' lang='lat'>¹</span> <span class='ocrx_word' id='word_1_202' title='bbox 524 2081 594 2103; x_wconf 88' lang='lat' dir='ltr'><strong>non</strong></span> <span class='ocrx_word' id='word_1_203' title='bbox 610 2069 690 2108; x_wconf 77' lang='lat' dir='ltr'><strong>erit,</strong></span> <span class='ocrx_word' id='word_1_204' title='bbox 712 2078 789 2101; x_wconf 79' lang='lat' dir='ltr'><strong>mea</strong></span> <span class='ocrx_word' id='word_1_205' title='bbox 808 2068 998 2103; x_wconf 66' lang='lat' dir='ltr'><strong>Graevius:</strong></span> <span class='ocrx_word' id='word_1_206' title='bbox 1032 2069 1113 2109; x_wconf 77' lang='lat' dir='ltr'><strong>erit,</strong></span> <span class='ocrx_word' id='word_1_207' title='bbox 1133 2079 1203 2102; x_wconf 87' lang='lat' dir='ltr'><strong>non</strong></span> <span class='ocrx_word' id='word_1_208' title='bbox 1220 2079 1298 2103; x_wconf 80' lang='lat' dir='ltr'><strong>mea</strong></span> <span class='ocrx_word' id='word_1_209' title='bbox 1313 2070 1369 2105; x_wconf 77' lang='lat' dir='ltr'><strong>M.</strong></span> 
     </span>
    </p>
   </div>
   <div class='ocr_carea' id='block_1_7' title="bbox 316 2149 368 2192">
    <p class='ocr_par' dir='ltr' id='par_1_9' title="bbox 316 2149 368 2192">
     <span class='ocr_line' id='line_1_29' title="bbox 316 2149 368 2192; baseline -0.038 0"><span class='ocrx_word' id='word_1_210' title='bbox 316 2149 368 2192; x_wconf 86' lang='lat'><strong>76</strong></span> 
     </span>
    </p>
   </div>
  </div>
 </body>
</html>
