1572 2378
560 166 787 204 MARCUS
824 166 1069 205 TULLIUS
1108 165 1308 205 CICERO

326 258 536 306 cepissem.
594 254 729 303 Quam
760 255 926 306 quidem
958 267 1192 306 receperam
1219 259 1360 292 contra
1386 265 1532 305 pueros

327 320 518 360 Octavios
537 321 608 360 Cn.
630 321 731 359 filios
749 334 833 358 non
854 321 1057 366 libenter;
1084 319 1157 359 sed
1186 319 1387 358 Phameae
1413 332 1532 358 causa

325 387 522 426 volebam.
581 388 681 426 Erat
718 390 842 435 enim,
879 389 912 425 si
949 388 1183 433 meministi,
1220 387 1266 424 in
1301 385 1532 424 consulatus

326 455 527 504 petitione
549 466 623 504 per
643 458 689 492 te
717 452 817 490 mihi
846 452 1061 503 pollicitus,
1084 454 1119 490 si
1145 450 1244 504 quid
1272 463 1373 502 opus
1400 455 1531 496 esset;

326 518 435 569 quod
463 531 540 570 ego
568 518 739 570 perinde
767 519 925 564 tuebar,
953 531 1000 556 ae
1027 519 1062 556 si
1088 530 1183 556 usus
1211 530 1354 556 essem.
1412 517 1453 556 Is
1478 517 1529 555 ad

324 598 391 623 me
410 587 524 623 venit
543 583 729 635 dixitque
758 584 933 622 iudicem
961 596 1126 635 operam
1153 582 1250 621 dare
1278 582 1355 621 sibi
1382 585 1530 621 consti-

323 652 451 688 tuisse
471 663 520 688 eo
538 650 607 688 die
625 653 725 701 ipso,
746 663 826 701 quo
845 649 898 688 de
918 649 1050 688 Sestio
1069 653 1208 687 nostro
1226 647 1320 699 lege
1341 647 1531 700 Pompeia

323 717 366 753 in
387 714 599 753 consilium
617 717 666 753 iri
685 727 852 753 necesse
873 720 971 753 erat.
1028 713 1114 753 Scis
1133 716 1243 752 enim
1261 713 1350 752 dies
1369 712 1530 752 illorum

322 780 563 819 iudiciorum
588 783 851 831 praestitutos
879 779 1012 818 fuisse.
1073 779 1278 830 Respondi
1305 792 1390 818 non
1415 781 1530 831 igno-

320 858 410 884 rare
441 858 549 893 eum,
578 845 677 898 quid
708 859 786 897 ego
814 845 1008 884 deberem
1039 845 1182 884 Sestio.
1241 843 1377 892 Quem
1404 844 1531 884 vellet

321 910 444 949 alium
464 911 574 950 diem
592 913 626 950 si
644 914 894 962 sumpsisset,
913 924 980 950 me
1000 914 1038 949 ei
1058 924 1140 949 non
1159 910 1407 950 defuturum.
1463 909 1530 950 lta

321 981 410 1015 tum
448 976 517 1015 ille
554 976 740 1015 discessit
775 979 911 1015 iratus.
982 975 1086 1015 Puto
1117 989 1186 1015 me
1221 976 1299 1015 tibi
1334 988 1526 1016 narrasse.

322 1042 359 1079 N
362 1055 415 1079 on
434 1041 611 1080 laboravi
630 1041 786 1080 scilicet
804 1055 882 1080 nee
897 1042 1071 1080 hominis
1084 1041 1208 1080 alieni
1225 1043 1528 1081 iniustissimam

319 1107 568 1146 iracundiam
604 1107 705 1145 mihi
743 1107 961 1146 curandam
1007 1109 1156 1159 putavi.
1233 1106 1353 1145 Gallo
1389 1112 1527 1146 autem

318 1175 488 1220 narravi,
527 1186 619 1212 cum
656 1175 838 1224 proxime
879 1173 1028 1211 Romae
1052 1171 1138 1220 .fui,
1176 1171 1275 1224 quid
1311 1171 1527 1221 audissem,

318 1251 453 1290 neque
490 1241 694 1276 nominavi
731 1238 902 1277 Balbum
934 1241 1144 1276 minorem.
1216 1238 1374 1276 Habuit
1409 1249 1526 1276 suum

318 1306 530 1354 negotium
563 1303 718 1351 Gallus,
751 1309 798 1342 ut
831 1305 981 1342 scribit.
1054 1303 1125 1342 Ait
1155 1303 1271 1341 illum
1302 1315 1370 1342 me
1401 1305 1524 1342 animi

317 1372 577 1416 conscientia,
598 1369 707 1421 quod
736 1369 953 1407 Phameam
979 1369 1270 1416 destituissem,
1288 1368 1342 1407 de
1369 1381 1413 1408 se
1439 1381 1524 1409 sus-

317 1438 452 1487 picari.
510 1435 647 1483 Quare
666 1437 742 1474 tibi
761 1435 959 1474 haetenus
978 1435 1140 1483 mando,
1160 1435 1213 1474 de
1231 1434 1302 1474 illo
1319 1440 1473 1483 nostro,
1490 1437 1524 1475 si

316 1500 413 1552 quid
437 1503 602 1552 poteris,
622 1504 821 1552 exquiras,
845 1500 898 1539 de
920 1514 987 1539 me
1015 1514 1068 1539 ne
1097 1500 1196 1553 quid
1223 1500 1391 1540 labores.
1451 1500 1524 1541 Est

315 1566 470 1605 bellum
487 1566 665 1618 aliquem
684 1566 862 1605 libenter
891 1566 1022 1605 odisse
1051 1571 1107 1614 et,
1127 1579 1251 1618 quem
1277 1566 1329 1604 ad
1356 1566 1522 1606 modum

315 1645 397 1670 non
417 1632 603 1670 omnibus
621 1631 810 1680 dormire,
830 1632 903 1670 ital
923 1645 1005 1670 non
1025 1633 1211 1670 omnibus
1233 1634 1392 1671 servire.
1434 1631 1522 1672 Etsi

314 1697 562 1745 mehercule,
581 1702 629 1736 ut
646 1702 693 1736 tu
714 1697 933 1748 intellegis,
954 1700 1081 1749 magis
1109 1696 1208 1735 mihi
1233 1700 1301 1736 isti
1327 1699 1521 1746 serviunt,

312 1764 347 1800 si
366 1762 577 1800 observare
597 1765 746 1800 servire
767 1767 841 1801 est.

443 1853 454 1874 ¹
478 1865 548 1886 non
565 1853 727 1887 omnibus
742 1854 907 1894 dormire,
926 1854 980 1888 ita
994 1855 1111 1888 added
1125 1854 1169 1897 by
1185 1853 1385 1888 Lambinus.

354 1971 367 1991 ¹
392 1971 439 2004 Or
458 1973 482 1988 “
502 1970 521 2003 1
538 1970 600 2003 did
615 1970 691 2004 also
707 1971 796 2004 with
813 1971 893 2005 well
909 1974 948 2004 to
963 1971 1154 2011 Phamea,”
1170 1982 1210 2004 as
1225 1970 1414 2005 Shuokbur
1438 1971 1472 2005 h,

355 2013 370 2034 ²
392 2014 434 2046 In
451 2026 472 2047 a
486 2014 595 2047 letter
610 2013 648 2047 of
669 2014 780 2048 about
802 2015 866 2048 the
887 2026 983 2048 same
1011 2014 1094 2047 date
1118 2018 1157 2048 to
1179 2014 1305 2048 Gallus
1320 2015 1397 2056 (Aa
1443 2025 1512 2049 am.

312 2066 380 2090 vn.
398 2059 454 2096 24)
472 2057 594 2091 Cicero
611 2068 703 2101 says,
725 2058 857 2100 Cipius,
876 2059 1009 2100 opinor,
1029 2058 1112 2091 olim
1138 2060 1161 2076 “
1173 2069 1242 2091 non
1264 2058 1418 2091 omnibus
1439 2059 1516 2091 dor·

310 2101 380 2134 mio
392 2101 429 2140 '’,·
451 2101 499 2134 sic
515 2112 573 2143 eqo
589 2112 657 2135 non
672 2102 836 2142 omnibus,
855 2101 905 2135 mi
922 2102 1034 2142 Galle,
1049 2102 1167 2135 servio.
1218 2102 1255 2135 It
1278 2102 1307 2134 is
1329 2101 1515 2145 explained

312 2149 391 2184 208
