1572 2378
554 184 782 222 MARCUS
822 184 1069 222 TULLIUS
1109 182 1328 222 CICERO

337 278 381 311 ut
400 273 707 312 adulescentem
727 277 937 324 totamque
952 285 1111 310 causam
1127 284 1373 323 manumque
1387 275 1542 310 vetera-

337 349 477 374 norum
497 336 803 386 complecterer,
825 348 889 372 me
910 334 1022 372 nullo
1040 335 1160 372 modo
1188 334 1321 372 facere
1350 345 1481 385 posse,
1498 334 1540 372 ni

335 399 432 436 mihi
454 397 708 449 exploratum
728 403 837 435 esset
856 411 948 436 eum
970 411 1050 434 non
1075 397 1197 435 modo
1225 409 1306 434 non
1336 398 1542 434 inimicum

334 463 652 515 tyrannoctqnis,
673 473 811 498 verum
841 463 963 498 etiam
992 462 1166 498 amicum
1194 458 1293 497 fore.
1350 458 1452 497 Cum
1471 457 1540 497 ille

333 524 490 562 diceret
514 526 572 561 ita
594 522 790 568 futurum,
819 521 968 570 “Quid
996 524 1121 572 igitur
1149 520 1451 560 festinamus?'’
1481 522 1542 559 in-

334 599 465 638 quam.
525 585 632 623 “Illi
666 587 775 623 enim
808 598 899 622 mea
931 597 1054 635 opera
1085 589 1183 622 aute
1216 583 1303 622 Kal.
1330 583 1415 621 Ian.
1438 582 1539 622 nihil

333 662 434 700 opus
471 653 546 695 est,
585 661 658 686 nos
693 652 832 685 autem
875 649 960 685 eius
1003 646 1256 685 voluntatem
1300 650 1398 684 ante
1445 645 1542 685 Idus

338 712 548 750 Decembr.
581 713 870 762 perspiciemus
900 713 941 747 in
973 710 1133 747 Casca.”
1193 709 1322 748 Valde
1349 709 1451 748 mihi
1475 708 1542 748 ad-

334 788 474 813 sensus
505 780 579 813 est.
643 773 776 820 Quam
807 774 858 810 ob
889 786 975 810 rem
1005 772 1106 810 haec
1135 772 1301 824 quidem
1331 771 1538 811 hactenus.

335 837 455 885 Quod
477 836 678 888 reliquum
704 842 780 883 est,
800 835 949 874 cotidie
968 835 1199 874 tabellarios
1217 834 1396 882 habebis,
1419 839 1476 883 et,
1496 840 1542 874 ut

336 914 412 952 ego
449 901 633 946 arbitror,
671 902 794 937 etiam
832 897 940 949 quod
977 898 1137 945 scribas,
1175 897 1344 936 habebis
1379 896 1538 937 cotidie.

338 964 492 1014 Leptae
521 963 747 1000 litterarum
779 960 1011 1011 exemplum
1039 961 1113 998 tibi
1142 962 1247 1007 misi,
1269 973 1320 998 ex
1345 973 1425 1011 quo
1442 959 1541 998 mihi

337 1026 497 1064 videtur
528 1025 752 1076 Στρατύλαξ
778 1023 848 1062 ille
878 1023 1063 1061 deiectus
1093 1023 1146 1061 de
1175 1023 1315 1074 gradu.
1372 1022 1455 1062 Sed
1481 1027 1542 1071 tu,

336 1102 426 1127 cum
447 1088 608 1139 legeris,
629 1086 902 1124 existumabis.

390 1151 617 1202 Obsignata
648 1152 727 1187 iam
761 1148 935 1199 epistula
967 1148 1125 1186 litteras
1157 1161 1182 1185 a
1214 1153 1257 1186 te
1290 1153 1334 1186 et
1362 1161 1386 1186 a
1418 1147 1542 1187 Sexto

336 1217 484 1265 accepi.
544 1212 655 1250 Nihil
694 1211 908 1250 iucundius
946 1211 1094 1249 litteris
1132 1210 1260 1258 Sexti,
1297 1209 1399 1248 nihil
1435 1223 1543 1249 ama-

337 1277 466 1315 bilius.
528 1276 631 1313 Nam
658 1280 754 1313 tuae
783 1275 939 1320 breves,
969 1276 1120 1324 priores
1153 1278 1271 1311 erant
1304 1273 1540 1312 uberrimae.

336 1341 398 1378 Tu
427 1339 592 1391 quidem
622 1343 666 1376 et
693 1337 918 1388 prudenter
946 1342 989 1374 et
1017 1338 1144 1374 amice
1173 1335 1331 1383 suades,
1350 1340 1397 1374 ut
1419 1337 1463 1373 in
1482 1334 1543 1374 his

337 1404 434 1441 locis
467 1404 720 1453 potissimum
753 1403 842 1446 sim,
875 1399 1007 1451 quoad
1041 1398 1263 1446 audiamus,
1296 1398 1408 1445 haec,
1439 1410 1543 1449 quae

338 1470 539 1504 commota
557 1469 666 1509 sunt,
686 1475 854 1514 quorsus
874 1461 1061 1500 evadant.
1115 1460 1197 1499 Sed
1215 1473 1295 1507 me,
1315 1462 1371 1498 mi
1389 1460 1543 1508 Attice,

338 1542 419 1566 non
439 1539 535 1566 sane
555 1526 631 1564 hoc
650 1525 815 1576 quidem
835 1530 1020 1575 tempore
1039 1528 1177 1562 movet
1191 1535 1255 1561 res
1274 1522 1447 1574 publica,
1461 1534 1543 1560 non

338 1605 417 1643 quo
445 1595 516 1628 aut
548 1592 601 1627 sit
630 1588 729 1626 mihi
759 1590 973 1639 quicquam
1004 1589 1133 1624 carius
1162 1589 1234 1624 aut
1263 1598 1351 1624 esse
1380 1585 1543 1633 debeat,

338 1656 409 1694 sed
447 1655 671 1705 desperatis
710 1654 832 1690 etiam
874 1652 1146 1702 Hippocrates
1192 1655 1306 1688 vetat
1350 1649 1544 1688 adhibere

338 1719 591 1757 medicinam.
652 1715 787 1763 Quare
818 1717 895 1752 ista
926 1714 1110 1760 valeant3
1149 1727 1216 1752 me
1246 1726 1310 1752 res
1340 1712 1544 1751 familiaris

338 1787 485 1820 movet.
547 1780 647 1817 Rem
679 1778 795 1823 dico;
837 1780 959 1814 immo
997 1789 1092 1814 vero
1129 1778 1383 1814 existimatio.
1443 1774 1572 1824 Cums

339 1847 446 1883 enim
467 1849 584 1882 tanta
602 1841 757 1892 reliqua
775 1842 870 1887 sint,
895 1853 949 1878 ne
974 1839 1191 1877 Terentiae
1220 1838 1384 1890 quidem
1412 1836 1569 1876 adhuer'

338 1906 446 1959 quod
477 1905 627 1944 solvam
658 1902 895 1954 expeditum
927 1907 1000 1941 est.
1059 1901 1292 1939 Terentiam
1321 1899 1436 1946 dico;
1467 1851 1572 1947 scis!

339 1983 411 2008 nos
432 1969 588 2020 pridem
607 1969 687 2004 iam
703 1967 960 2004 constituisse
982 1965 1168 2002 Montani
1188 1965 1352 2001 nomine
1376 1960 1448 2001 HS
1467 1966 1545 2000 m
1557 1979 1559 1983 ⁴

339 2032 567 2071 dissolvere.
629 2028 924 2067 Pudentissime
948 2027 1024 2064 hoc
1043 2026 1184 2064 Cicero
1202 2027 1379 2077 petierat
1397 2029 1444 2063 ut
1463 2022 1556 2071 fide„

339 2110 418 2134 sua.
480 2092 789 2137 Liberalissime‚
819 2095 866 2128 ut
894 2090 969 2127 tibi
1003 2101 1165 2141 quoque
1197 2087 1419 2138 placuerat,
1450 2099 1554 2138 pro-1

340 2163 419 2196 424-
