1572 2378
51 860 129 898 Ser.
149 858 188 897 in

50 912 257 952 suburbano

51 967 154 1006 Mati
189 968 223 1006 V
223 968 271 1006 Il

52 1022 110 1061 Id.
140 1022 234 1075 Apr.
264 1037 298 1060 a.

54 1078 131 1117 710

646 416 702 455 M.
733 416 903 455 TULLI
933 415 1229 457 CICERONIS

542 479 943 518 EPISTULARUM
974 478 1053 540 Ad)
1082 479 1335 520 ATTICUM
1389 531 1391 535 Α

570 542 735 580 LIBER
765 541 1030 590 QUARTUS
1060 541 1312 583 DECIMUS

926 696 945 736 1

731 787 870 811 CICERO
901 787 1041 812 AT'llco
1069 787 1146 814 SAL.

390 851 560 891 Deverti
578 851 630 890 ad
649 851 777 898 illum,
795 851 849 889 de
867 864 948 902 quo
967 856 1103 889 tecum
1123 865 1254 891 mane.
1313 853 1424 891 Nihil
1446 867 1572 915 ffir—

336 923 484 975 dijiu83
514 922 707 986 explicari
722 935 809 960 rem
822 934 906 960 non
924 935 1053 972 posse.
1102 922 1318 972 “Etenim,
1333 927 1365 963 si
1384 924 1454 963 ille
1466 925 1538 964 tali

335 996 502 1046 ingenio
526 996 682 1033 exitum
700 1007 784 1031 non
801 994 1044 1045 reperiebat,
1063 996 1153 1045 quis
1170 1007 1280 1033 nune
1297 997 1538 1047 reperiet?'’

549 1046 659 1058 -Ὓ

338 1066 447 1115 Quid
466 1067 654 1118 quaeris?
681 1068 833 1117 perisse
851 1067 986 1104 omnia
1009 1066 1145 1104 aiebat
1168 1064 1295 1119 (quod
1323 1066 1432 1107 haud
1458 1070 1540 1108 scio

335 1151 387 1175 an
406 1140 464 1175 ita
483 1140 560 1183 sit3
587 1129 728 1175 verum
747 1136 816 1175 ille
835 1135 1037 1190 gaudens)
1063 1136 1381 1190 adfirmabatque
1407 1141 1540 1178 minus

334 1209 477 1248 diebus
496 1221 547 1247 xx
566 1208 789 1247 tumultum
809 1207 1046 1254 Gallicum.
1071 1207 1122 1246 In
1140 1221 1369 1264 sermonem
1386 1222 1430 1248 se
1449 1216 1541 1262 post

337 1280 432 1318 Idus
470 1280 637 1318 Martias
674 1284 959 1331 praeterquam
995 1271 1152 1330 Lepido
1183 1282 1342 1319 venisse
1372 1283 1538 1321 nemini.

337 1350 401 1388 Ad
409 1363 612 1401 summam
627 1363 709 1388 non
724 1363 841 1401 posse
855 1352 982 1388 istaec
996 1352 1053 1389 sic
1067 1351 1190 1391 abire.
1238 1333 1298 1390 0
1295 1351 1539 1403 prudentem

335 1422 537 1473 Oppium!
567 1424 637 1473 qui
655 1420 784 1478 nihilo
802 1423 937 1460 minus
870 1401 1071 1460 *illum
1089 1421 1308 1479 desrdggat,
1322 1422 1395 1461 sed
1413 1423 1540 1476 loqui-

336 1499 400 1532 tur
413 1493 528 1541 nihil,
544 1492 653 1545 quod
667 1505 913 1545 quemquam
933 1493 1084 1531 bonum
1103 1492 1295 1532 offendat.
1343 1493 1427 1533 Sed
1441 1493 1541 1533 haec

335 1565 540 1604 hactenus.

386 1636 462 1685 Tu,
482 1649 645 1688 quaeso,
663 1635 856 1687 quicquid
875 1638 970 1674 novi
995 1635 1141 1686 (multa
1159 1641 1297 1675 autem
1317 1637 1540 1688 exspecto),

335 1708 508 1746 scribere
526 1709 773 1759 ngpjgrere,
792 1709 836 1744 in
858 1707 933 1755 his,
956 1707 1009 1745 de
1038 1706 1164 1745 Sexto
1191 1709 1342 1746 satisne
1369 1712 1539 1756 eertum,

332 1781 507 1817 maxime
525 1783 663 1816 autem
682 1777 736 1816 de
755 1777 882 1815 Bruto
900 1782 1049 1816 nostro.
1100 1777 1164 1815 De
1184 1790 1264 1829 quo
1277 1777 1442 1829 quidem
1455 1777 1539 1827 ille,

333 1849 385 1888 ad
404 1863 526 1901 quem
545 1848 717 1896 deverti,
741 1848 952 1887 Caesarem
980 1849 1144 1887 solitum
1172 1848 1333 1888 dicere:
1361 1849 1538 1901 “Magni

331 1920 474 1968 refert,
491 1919 558 1958 hic
576 1919 674 1971 quid
694 1919 806 1967 velit,
825 1919 913 1967 sed,
931 1919 1123 1971 quicquid
1143 1918 1241 1967 volt,
1255 1918 1373 1988 vQ
1391 1919 1478 1960 volt
1489 1919 1512 1934 ”
1527 1933 1538 1968 ;

331 1991 456 2044 idque
475 2004 568 2030 eum
587 1990 932 2038 animadvertisse,
946 2003 1038 2028 cum
1057 2003 1131 2041 pro
1151 1989 1344 2028 Deiotaro
1363 1989 1538 2031 Nicaeae

332 2063 500 2109 dixerit3
518 2061 636 2100 valde
647 2061 913 2116 vehementer
927 2074 1020 2100 eum
1036 2064 1163 2099 visum
1179 2066 1223 2099 et
1235 2060 1363 2118 ¹¹¹3}oe
1377 2060 1513 2101 dicere
1525 2074 1535 2108 3

334 2154 412 2195 216
