1572 2378
574 153 802 191 MARCUS
837 153 1082 193 TULLIUS
1121 154 1322 194 CICERO

340 239 556 279 videretur.
604 240 749 291 Itaque
769 240 831 278 his
851 241 903 279 de
922 242 1043 279 rebus
1063 254 1114 280 ex
1133 247 1319 293 tempore
1338 246 1383 281 et
1401 255 1546 282 coram.

340 304 404 343 De
425 305 640 344 Buthrotio
659 309 826 356 negotio
846 309 1002 344 utinam
1022 306 1188 358 quidem
1207 307 1434 346 Antonium
1452 321 1549 347 eon-

344 373 498 409 veniam
514 372 521 408 !
571 370 750 409 Multum
771 371 955 422 profecto
974 373 1189 423 proficiam.
1241 372 1324 412 Sed
1343 386 1426 411 non
1444 374 1547 412 arbi-

341 442 500 476 trantur
537 451 631 475 eum
668 451 693 474 a
730 437 867 488 Capua
903 438 1226 484 declinaturum3
1265 451 1346 490 quo
1382 437 1547 491 quidem

338 509 477 541 metuo
505 516 559 541 ne
587 516 736 553 magno
765 506 822 541 rei
852 503 1036 554 publicae
1065 503 1171 542 malo
1199 507 1368 544 venerit,
1427 496 1547 553 Quod

336 568 446 607 idem
486 569 528 608 L.
570 568 729 607 Caesari
769 569 996 617 videbatur,
1033 582 1156 621 quem
1197 569 1327 621 pridie
1376 570 1545 623 Neapoli

336 634 544 673 adfectum
564 637 742 685 graviter
762 634 951 674 videram.
1004 634 1138 682 Quam
1158 636 1210 673 ob
1228 648 1316 674 rem
1335 638 1413 674 ista
1430 637 1546 676 nobis

335 700 387 738 ad
424 700 510 738 Kal.
544 701 679 738 Iunias
707 700 920 739 tractanda
948 706 992 739 et
1019 700 1265 752 perficienda
1290 707 1395 740 sunt.
1464 699 1545 741 sed

337 766 544 804 hactenus.

392 831 570 879 Quintus
585 831 689 870 filius
703 832 754 870 ad
770 837 927 883 patrem
947 833 1223 871 acerbissimas
1241 832 1399 871 litteras
1418 835 1545 880 misit;

336 911 439 950 quae
470 903 567 935 sunt
597 900 633 935 ei
665 897 863 944 redditae,
890 911 983 935 eum
1011 900 1261 936 venissemus
1289 900 1332 936 in
1362 898 1545 950 Pompei-

335 978 468 1003 anum.
528 963 709 1011 Quarum
739 969 879 1002 tamen
908 969 996 1002 erat
1024 969 1147 1015 caput
1174 963 1379 1015 Aquiliam
1402 977 1544 1004 nover-

336 1043 423 1068 cam
443 1043 526 1067 non
545 1043 633 1068 esse
652 1029 840 1067 laturum.
900 1028 982 1068 Sed
1011 1029 1087 1067 hoc
1118 1028 1331 1068 tolerabile
1362 1028 1543 1078 fortasse,

335 1096 436 1134 illud
457 1108 563 1142 vero,
584 1090 627 1133 se
647 1109 671 1132 a
690 1095 858 1133 Caesare
879 1094 1066 1133 habuisse
1086 1097 1234 1142 omnia,
1252 1094 1354 1132 nihil
1372 1109 1396 1132 a
1414 1100 1544 1147 patre,

336 1161 490 1212 reliqua
519 1174 680 1212 sperare
710 1162 762 1198 ab
792 1160 1054 1199 Antonio—o
1082 1160 1287 1212 perditum
1314 1159 1543 1200 hominem!

265 1244 268 1246 ’
336 1228 416 1268 Sed
436 1230 608 1279 μελήσει.

390 1293 454 1331 Ad
486 1293 656 1331 Brutum
684 1297 880 1338 nostrum,
909 1291 961 1330 ad
991 1291 1184 1339 Cassium,
1208 1292 1261 1329 ad
1288 1291 1541 1331 Dolabellam

334 1359 528 1410 epistulas
547 1359 698 1408 scripsi.
758 1357 906 1395 Earum
935 1357 1122 1408 exempla
1150 1358 1225 1395 tibi
1254 1359 1356 1404 misi,
1386 1371 1468 1396 non
1494 1363 1543 1397 ut

333 1425 614 1470 deliberarem,
630 1423 921 1461 reddundaene
937 1428 1085 1461 essent.
1146 1422 1269 1461 Plane
1285 1425 1395 1461 enim
1408 1422 1542 1463 iudico

334 1504 422 1530 esse
441 1489 683 1536 reddendas,
703 1489 813 1540 quod
832 1502 914 1526 non
934 1489 1077 1526 dubito
1096 1491 1195 1539 quin
1213 1493 1260 1526 tu
1279 1488 1389 1526 idem
1408 1491 1541 1528 existi-

333 1562 515 1595 maturus
534 1558 597 1594 sis.

387 1622 571 1660 Ciceroni
602 1634 707 1667 me0,
742 1623 795 1658 mi
830 1621 983 1667 Attice,
1017 1619 1308 1671 suppeditabis,
1342 1624 1539 1671 quantum

333 1689 547 1733 videbitur,
581 1699 728 1737 meque
766 1685 842 1723 hoe
879 1686 954 1723 tibi
992 1698 1093 1723 onus
1130 1687 1338 1735 imponere
1370 1687 1536 1735 patiere.

332 1754 448 1802 Quae
478 1751 611 1790 adhue
640 1750 786 1798 fecisti,
816 1751 917 1788 mihi
947 1755 1043 1789 sunt
1075 1753 1314 1802 gratissima.
1373 1750 1538 1789 Librum

330 1833 466 1858 meum
495 1817 608 1855 illum
637 1817 834 1856 ἀνέκδοτον
861 1815 1057 1863 nondum,
1087 1821 1134 1854 ut
1167 1815 1287 1862 volui,
1318 1815 1537 1867 perpolivi3

329 1889 406 1924 ista
425 1897 532 1930 vero,
553 1895 656 1934 quae
677 1887 721 1920 tu
743 1884 906 1920 contexi
925 1883 997 1928 vis,
1015 1881 1126 1919 aliud
1149 1880 1353 1932 quoddam
1377 1893 1534 1932 separa-

328 1957 417 1990 tum
442 1949 631 1987 volumen
660 1952 912 1998 exspectant.
970 1946 1059 1997 Ego
1086 1951 1238 1993 autem,
1267 1945 1408 1985 credas
1434 1946 1533 1991 mihi

329 2017 463 2063 velim,
483 2017 639 2052 minore
658 2012 838 2064 periculo
863 2015 1050 2051 existimo
1077 2016 1218 2050 contra
1245 2011 1332 2049 illas
1360 2011 1532 2052 nefarias

328 2143 406 2183 264
446 2115 448 2118 ¹
