1572 2378
581 131 808 171 MARCUS
845 131 1089 173 TULLIUS
1127 134 1327 174 CICERO

346 216 416 255 ille
445 230 511 256 me
541 219 691 257 cotidie
720 219 857 258 videre
887 220 1024 268 vellet,
1053 234 1131 274 ego
1158 222 1211 260 ad
1238 222 1352 261 illum
1380 225 1440 262 ire
1466 237 1548 263 non

347 292 519 330 possem,
538 282 770 332 privabatur
789 286 897 320 omni
918 283 1192 323 delectatione
1211 285 1440 326 Tusculani.
1486 285 1547 326 Tu

347 345 483 393 igitur,
503 345 536 381 si
555 342 724 382 Servilia
742 348 912 391 venerit,
932 348 964 384 si
985 346 1133 385 Brutus
1152 347 1249 399 quid
1269 351 1413 399 egerit,
1426 350 1548 388 etiam

347 407 380 443 si
398 409 669 454 constituerit,
684 407 846 459 quando
865 409 1036 457 obviam,
1051 410 1243 462 quicquid
1262 411 1441 463 denique
1459 413 1549 451 erit.

346 468 455 520 quod
473 472 575 508 scire
594 483 661 508 me
680 476 880 521 oporteat,
899 473 1060 510 scribes.
1116 473 1314 521 Pisonem,
1333 477 1367 512 si
1386 475 1537 525 poteris

345 534 571 572 convenies.
629 532 768 581 Vides,
793 547 913 585 quam
942 539 1146 574 maturum
1172 538 1238 576 sit.
1295 534 1378 576 Sed
1396 542 1548 584 tamen,

345 594 453 646 quod
473 595 684 634 commodo
702 601 775 634 tuo
794 596 874 635 fiat.

906 758 988 797 XII

740 851 879 876 CICERO
909 852 1050 877 ATTICO
1078 852 1155 879 SAL.

60 912 138 950 Scr.
158 912 197 950 in
215 912 326 964 Arpi-
399 915 527 954 Valde
554 929 622 954 me
649 918 956 956 momorderunt
978 919 1177 969 epistulae
1207 924 1301 958 tuae
1329 919 1382 958 de
1411 919 1549 959 Attica

59 966 138 1028 ”alf
157 966 192 1004 V
192 966 263 1004 ῙῙῙ
274 966 323 1005 K·
343 983 504 1025 nostra3
542 979 711 1018 eaedem
739 986 879 1019 tamen
906 987 1161 1020 sanaverunt.
1219 981 1340 1029 Quod
1368 984 1479 1021 enim
1504 987 1548 1022 te

60 1021 183 1064 ant·
198 1035 233 1059 α·
251 1022 327 1061 709
343 1043 429 1091 ipse
449 1042 706 1081 consolabare
727 1043 881 1082 eisdem
904 1043 1066 1093 litteris,
1084 1044 1127 1083 id
1145 1044 1245 1083 mihi
1265 1051 1353 1084 erat
1370 1047 1468 1085 satis
1485 1044 1548 1084 fir-

342 1117 454 1143 mum
472 1104 524 1143 ad
543 1105 777 1144 leniendam
796 1107 1107 1158 aegritudinem.

397 1167 653 1218 Ligarianam
688 1169 893 1220 praeclare
929 1170 1160 1209 vendidisti.
1220 1170 1405 1219 Posthac,
1437 1173 1548 1224 quic-

341 1230 439 1282 quid
467 1234 676 1282 scripsero,
704 1232 780 1270 tibi
808 1235 1068 1283 praeconium
1096 1231 1288 1271 deferam.
1349 1231 1470 1281 Quod
1493 1233 1546 1272 ad

339 1306 407 1332 me
435 1293 488 1332 de
514 1294 694 1333 Varrone
722 1295 873 1342 scribis,
904 1298 980 1334 scis
1010 1308 1075 1334 me
1105 1301 1227 1334 antea
1256 1299 1458 1335 orationes
1475 1301 1548 1336 aut

338 1356 491 1408 aliquid
519 1357 560 1394 id
590 1371 720 1408 genus
747 1358 911 1396 solitum
936 1360 1124 1407 scribere,
1145 1365 1192 1397 ut
1212 1358 1434 1397 Varronem
1452 1372 1547 1399 nus-

339 1433 459 1471 quam
490 1434 649 1470 possem
682 1423 877 1459 intexere.
937 1421 1082 1460 Postea
1118 1426 1256 1460 autem
1293 1435 1414 1473 quam
1446 1421 1547 1461 haec

339 1486 454 1534 coepi
489 1485 789 1535 φιλολογώτερα,
816 1486 895 1522 iam
935 1484 1060 1522 Varro
1098 1483 1197 1522 mihi
1234 1483 1546 1524 denuntiaverat

338 1559 526 1596 magnam
564 1559 661 1584 sane
699 1551 743 1583 et
779 1559 944 1596 gravem
982 1547 1267 1597 προσφώνησιν.
1331 1547 1544 1586 Biennium

338 1612 561 1659 praeteriit,
591 1622 683 1646 cum
711 1608 780 1646 ille
810 1608 1077 1659 Καλλιππίδης
1104 1608 1273 1647 adsiduo
1296 1622 1415 1648 cursu
1434 1610 1545 1649 cubi—

338 1677 427 1710 tum
446 1671 603 1710 nullum
623 1677 885 1722 processerat,
910 1684 988 1722 ego
1011 1677 1150 1710 autem
1178 1685 1244 1710 me
1273 1672 1463 1723 parabam
1490 1673 1542 1712 ad

336 1734 392 1782 id,
423 1734 532 1786 quod
561 1734 630 1773 ille
660 1734 760 1772 mihi
790 1737 977 1782 misisset,
1009 1739 1056 1773 ut
1088 1739 1114 1757 “
1125 1736 1223 1787 αὐτῷ
1252 1737 1303 1787 τῷ
1331 1735 1454 1788 μέτρῳ
1484 1736 1546 1775 καὶ

335 1796 487 1844 λώϊον,”
509 1799 542 1835 si
560 1797 681 1835 modo
700 1799 932 1848 potuissem.
982 1797 1086 1835 Nam
1101 1796 1178 1835 hoc
1193 1799 1317 1836 etiam
1338 1796 1544 1837 Hesiodus

336 1860 512 1907 ascribit,
535 1864 559 1882 “
571 1861 613 1899 αἴ
630 1878 669 1898 κε
689 1859 855 1910 δύνηαι.”
1294 1909 1298 1911 ¹

391 1922 429 1960 Ν
432 1936 510 1960 unc
531 1922 641 1960 illam
661 1922 745 1973 περὶ
763 1925 879 1961 τελῶν
899 1924 1077 1970 σύνταξιν
1095 1936 1192 1962 sane
1211 1923 1312 1962 mihi
1334 1925 1543 1976 probatam

362 2010 394 2053 *¹
417 2031 493 2065 Ono
514 2030 552 2062 of
581 2029 643 2062 the
667 2029 819 2062 bankers
847 2030 936 2062 from
963 2030 1075 2062 whom
1099 2030 1221 2064 Cicero
1249 2030 1364 2075 hoped
1388 2034 1428 2066 to
1454 2033 1544 2067 raiae

335 2086 462 2118 money
479 2078 517 2107 to
535 2074 605 2116 buy
622 2073 683 2106 the
700 2073 850 2115 gat-dens
866 2073 920 2105 for
936 2073 1082 2106 Tullia'a
1105 2074 1235 2109 shrine.

341 2124 414 2158 128
