1572 2378
51 461 128 501 Scr.
151 475 189 500 m
224 462 318 500 Tus-

49 516 181 554 culano
201 517 223 554 l
230 517 264 554 V

53 570 148 610 Non.
164 570 261 609 Sext.
279 586 314 610 a.

50 625 129 664 709

39 1825 118 1864 Ser.
141 1824 180 1863 in
213 1824 307 1862 Tus-

38 1877 169 1917 culano
186 1878 270 1916 circ.

40 1933 106 1970 XI
130 1932 176 1971 K.
204 1932 304 1984 Sept.

38 2001 73 2025 a.
98 1988 173 2027 709

565 160 647 198 MA
657 161 793 200 RCUS
829 162 902 201 TU
912 162 999 200 LLI
1009 163 1075 202 US
1113 163 1313 202 CICERO

848 300 1026 339 XLVIII

728 395 869 420 menno
899 396 1039 422 A'r'rrco
1067 397 1144 423 sn„

390 464 494 503 Heri
516 467 653 502 nescio
672 465 771 516 quid
793 467 835 503 in
854 469 1028 516 strepitu
1048 467 1186 506 videor
1204 468 1429 515 exaudiSse,
1449 481 1538 507 cum

333 519 489 569 diceres
510 536 554 569 te
577 533 620 568 in
639 531 911 570 Tusculanum
930 538 1159 571 venturum.
1217 533 1338 582 Quod
1360 537 1515 572 utinam
1532 537 1538 572 !

332 598 481 635 iterum
500 597 679 635 utinam!
735 602 808 635 tuo
826 602 967 636 tamen
986 598 1208 637 commodo.

387 661 519 713 Lepta
537 675 604 700 me
622 667 752 713 rogat,
768 667 827 710 ut,
846 665 880 700 si
899 663 996 715 quid
1015 664 1091 702 sibi
1111 678 1212 716 opus
1230 667 1296 712 sit,
1311 678 1535 712 accurram3

330 732 512 766 mortuus
541 730 650 766 enim
680 727 899 767 Babullius.
957 729 1115 777 Caesar,
1144 733 1299 782 opinor,
1329 744 1380 770 ex
1407 734 1536 779 uncia,

330 795 408 831 etsi
440 792 542 830 nihil
574 792 732 838 adhuc;
770 792 842 831 sed
882 791 1013 844 Lepta
1048 807 1098 831 ex
1132 797 1295 833 triente.
1365 795 1538 834 Veretur

329 863 480 905 autem,
517 871 571 896 ne
609 871 691 896 non
729 858 851 896 liceat
887 863 1031 897 tenere
1069 860 1358 909 hereditatem,
1392 862 1537 914 ἀλόγως

328 928 505 972 omnino,
539 924 612 963 sed
645 929 809 962 veretur
840 929 991 963 tamen.
1062 925 1102 964 Is
1136 929 1263 977 igitur
1295 929 1328 964 si
1360 929 1538 973 accierit,

327 1003 556 1036 accurram3
584 993 617 1028 si
636 993 783 1037 minus,
801 1004 884 1028 non
902 996 1123 1042 antequam
1142 1005 1309 1031 necesse
1329 995 1418 1031 erit.
1475 992 1536 1031 Tu

331 1055 535 1102 Pollicem,
556 1068 648 1093 cum
668 1058 830 1106 poteris.

382 1120 678 1159 Laudationem
709 1120 871 1158 Porciae
902 1121 977 1159 tibi
1008 1123 1098 1159 misi
1127 1127 1361 1161 correctam.
1419 1122 1537 1162 Adeo

327 1189 549 1238 properavi,
580 1191 639 1233 ut,
670 1188 703 1224 si
733 1185 840 1224 forte
869 1191 942 1225 aut
974 1186 1157 1225 Domitio
1192 1186 1274 1226 filio
1305 1193 1377 1226 aut
1411 1188 1536 1228 Bruto

326 1255 574 1300 mitteretur,
592 1251 692 1290 haec
711 1254 958 1291 mitteretur.
1020 1252 1080 1300 ld,
1100 1255 1132 1291 si
1159 1254 1235 1291 tibi
1259 1255 1338 1292 erit
1360 1267 1535 1293 commo-

325 1318 435 1364 dum,
456 1330 604 1368 magno
626 1330 749 1368 opere
773 1330 888 1356 cures
910 1317 1032 1356 velim
1056 1323 1100 1356 et
1119 1317 1241 1356 velim
1266 1318 1322 1356 M.
1344 1318 1534 1359 Varronis

326 1388 369 1421 et
392 1383 476 1422 Olli
499 1386 638 1421 mittas
659 1382 949 1430 laudationem,
973 1382 1056 1421 Olli
1079 1386 1232 1435 utique.
1294 1383 1400 1422 Nam
1421 1384 1532 1424 illam

326 1449 421 1498 legi,
441 1448 531 1486 volo
549 1453 688 1486 tamen
709 1455 929 1498 regustare.
988 1448 1197 1496 Quaedam
1219 1452 1328 1487 enim
1349 1452 1414 1487 vix
1433 1450 1533 1489 mihi

323 1514 446 1551 credo
465 1513 611 1564 legisse
630 1526 708 1552 me.

857 1658 994 1696 XLIX

722 1754 860 1779 CICERO
890 1753 1030 1778 ATTICO
1059 1754 1135 1779 SAL.

379 1823 543 1862 Atticae
571 1825 746 1874 primum
773 1823 946 1861 salutem
976 1823 1112 1874 (quam
1133 1823 1323 1875 equidem
1342 1825 1423 1862 ruri
1442 1836 1530 1863 ease

325 1890 519 1935 arbitror3
546 1889 717 1927 multam
745 1891 870 1940 igitur
895 1888 1087 1941 salutem)
1115 1894 1159 1927 et
1187 1889 1320 1928 Piliae.
1380 1889 1444 1928 De
1462 1889 1530 1929 Ti·-

325 1954 463 2005 gellio,
494 1957 526 1992 si
560 1954 657 2006 quid
691 1957 793 1992 novi.
854 1953 935 2002 Qui
965 1954 1142 2006 quidem,
1175 1960 1223 1993 ut
1254 1954 1354 1992 mihi
1388 1954 1529 1994 Gallus

327 2020 472 2058 Fadius
491 2021 662 2070 scripsit,
680 2019 823 2072 μέμψιν
837 2019 1013 2070 ἀναφέρει
1027 2019 1126 2057 mihi
1145 2019 1348 2071 quandam
1367 2022 1530 2072 iniquis-

323 2087 476 2177 singam,
500 2098 566 2123 me
598 2084 797 2124 Phameae
825 2084 1016 2132 defuisse,
1043 2098 1135 2123 cum
1164 2088 1249 2123 eius
1278 2099 1438 2124 causam
1465 2098 1528 2126 re·

322 2143 374 2178 20
