1572 2378
584 172 810 211 MARCUS
847 171 1094 211 TULLIUS
1131 171 1332 212 CICERO

350 267 573 313 aperteque
603 260 847 299 ostendebat
876 274 919 299 se
953 263 1231 312 praesentium
1264 263 1419 300 animos
1451 261 1556 314 (erat

350 330 459 365 enim
478 327 693 378 popularis,
707 332 753 365 ut
767 325 903 378 noras)
923 326 1130 365 offendere
1143 326 1252 365 nolle
1269 339 1279 372 ;
1307 339 1400 365 cum
1418 331 1554 365 autem

350 405 459 431 mare
487 395 741 439 transissent,
770 397 1002 430 curaturum
1031 405 1088 438 se,
1117 397 1164 430 ut
1193 394 1236 430 in
1263 391 1388 430 alium
1415 405 1555 444 agrum

350 458 663 501 deducerentur.
710 458 828 496 Haec
846 458 916 496 illo
931 461 1032 496 vivo.
1079 457 1174 496 Post
1193 460 1405 496 interitum
1418 463 1556 497 autem

349 524 538 572 Caesaris,
560 529 608 563 ut
626 526 801 575 primum
820 536 871 562 ex
890 529 1055 563 senatus
1084 524 1269 562 consulto
1297 536 1435 562 causas
1461 537 1556 562 con-

348 589 454 627 sules
469 601 714 640 cognoscere
728 591 1012 636 instituerunt,
1023 587 1137 636 haec,
1151 601 1254 640 quae
1270 601 1391 640 supra
1403 591 1556 641 scripsi,

348 654 399 692 ad
429 668 497 693 eos
527 654 664 692 delata
695 659 801 692 sunt.
862 654 1139 693 Probaverunt
1168 667 1328 693 causam
1357 657 1444 694 sine
1474 654 1555 694 ulla

347 720 601 758 dubitatione
618 733 742 771 seque
757 719 809 758 ad
828 725 871 758 te
891 719 1047 758 litteras
1063 721 1228 759 daturos
1247 733 1334 759 esse
1349 719 1552 760 dixerunt.

349 787 436 837 Ego
459 792 609 832 autem,
630 789 685 823 mi
718 785 879 833 Plance,
898 788 975 824 etsi
1004 799 1086 823 non
1115 785 1366 834 dubitabam,
1383 788 1484 838 quin
1511 792 1554 826 et

347 859 511 892 senatus
531 851 761 890 consultum
791 856 835 889 et
863 851 929 889 lex
959 855 1003 889 et
1030 851 1239 889 consulum
1267 850 1480 890 decretum
1506 865 1554 890 ac

346 920 508 957 litterae
523 917 631 969 apud
647 923 690 956 te
705 917 923 968 plurimum
937 919 1189 955 auctoritatis
1203 916 1417 964 haberent,
1427 922 1552 970 teque

347 987 470 1036 ipsius
491 984 618 1022 Attici
639 996 758 1021 causa
776 982 882 1020 velle
905 982 1202 1030 intellexeram,
1219 987 1360 1021 tamen
1382 982 1459 1021 hoc
1478 995 1552 1035 pro

344 1052 629 1089 coniunctione
658 1054 702 1087 et
729 1048 1017 1086 benevolentia
1043 1052 1181 1086 nostra
1199 1046 1299 1085 mihi
1321 1050 1486 1099 sumpsi,
1506 1053 1552 1086 ut

344 1116 384 1154 id
403 1129 426 1153 a
445 1120 488 1154 te
508 1120 704 1166 peterem,
727 1114 835 1165 quod
866 1118 936 1152 tua
964 1112 1177 1164 singularis
1206 1112 1435 1152 humanitas
1461 1126 1550 1152 sua·

344 1183 572 1231 vissimique
591 1192 722 1217 mores
740 1193 764 1216 a
782 1184 826 1217 te
847 1183 986 1216 essent
1013 1180 1280 1229 impetraturi.
1339 1177 1389 1216 Id
1407 1183 1544 1218 autem

342 1252 418 1294 est,
438 1251 485 1284 ut
513 1245 599 1288 hoc,
622 1244 730 1296 quod
758 1249 802 1282 te
825 1249 895 1282 tua
919 1249 1066 1294 sponte
1091 1243 1293 1282 facturum
1319 1256 1407 1283 esse
1436 1249 1549 1283 certo

341 1314 435 1358 seio,
456 1311 617 1349 honoris
647 1312 773 1348 nostri
803 1322 920 1347 causa
949 1309 1138 1356 libenter,
1166 1308 1331 1360 prolixe,
1361 1309 1549 1349 celeriter

342 1377 473 1415 facias.
532 1376 635 1414 Mihi
673 1388 794 1413 nemo
831 1380 894 1413 est
926 1377 1090 1412 amicior
1122 1387 1199 1413 nec
1228 1374 1440 1413 iucundior
1470 1387 1548 1415 nec

341 1445 467 1479 carior
489 1441 638 1479 Attico.
695 1440 816 1478 Cuius
835 1445 957 1478 antea
979 1452 1042 1477 res
1068 1439 1198 1477 solum
1222 1438 1430 1477 familiaris
1451 1452 1547 1491 age-

341 1510 459 1546 batur
478 1519 606 1558 eaque
632 1519 792 1556 magna,
812 1518 922 1543 nunc
943 1507 1114 1543 accessit
1138 1507 1260 1543 etiam
1288 1507 1546 1552 existimatio,
1567 1519 1569 1521 ’

340 1579 397 1619 ut,
418 1572 525 1624 quod
545 1576 786 1609 consecutus
806 1575 869 1609 est
887 1583 1035 1620 magna
1057 1575 1101 1608 et
1126 1569 1322 1608 industria
1348 1574 1392 1608 et
1416 1571 1544 1621 gratia

339 1644 382 1677 et
406 1641 495 1676 vivo
518 1637 688 1675 Caesare
713 1641 757 1675 et
777 1641 950 1683 mortuo,
974 1635 1016 1673 id
1039 1641 1082 1673 te
1105 1635 1324 1674 adiuvante
1346 1635 1542 1675 obtineat.

339 1704 459 1752 Quod
487 1705 520 1742 si
547 1716 571 1740 a
600 1708 643 1741 te
673 1704 751 1740 erit
784 1704 1061 1752 impetratum,
1089 1703 1146 1739 sic
1174 1700 1295 1739 velim
1324 1703 1540 1750 existimes,

337 1784 402 1808 me
434 1769 488 1808 de
517 1773 589 1807 tua
622 1768 866 1806 liberalitate
899 1770 957 1805 ita
989 1769 1364 1817 interpretaturum,
1396 1771 1444 1806 ut
1469 1771 1543 1807 tuo

336 1848 492 1874 summo
517 1834 714 1872 beneficio
733 1846 800 1871 me
826 1831 1037 1871 adfectum
1067 1831 1254 1870 iudicem.
1312 1831 1411 1883 Ego,
1433 1839 1572 1886 quae*

335 1907 378 1940 te
406 1900 509 1939 velle
532 1911 717 1952 quaeque
735 1898 788 1936 ad
811 1902 856 1937 te
875 1899 1081 1949 pertinere
1099 1897 1335 1943 arbitrabor,
1354 1895 1535 1938 studiose
1554 1868 1572 1934 ξ

334 1967 634 2017 diligenterque
655 1964 811 2002 curabo.
874 1962 936 2000 Da
955 1975 1128 2014 operam,
1152 1967 1198 2000 ut
1218 1961 1360 2000 valeas.
1563 1956 1567 1971 ³

334 2156 412 2190 430

1545 2235 1572 2281 ai.
