1592 2366
589 176 815 216 MARCUS
853 177 1098 216 TULLIUS
1139 178 1339 216 CICERO

894 310 1036 348 XVIII

755 402 895 428 menno
925 401 1065 428 A‘r'rlco
1094 403 1172 429 SAL.

75 466 152 504 Scr.
182 466 342 504 Asturae
414 469 523 507 Dum
548 469 850 508 recordationes
879 469 1004 519 fugio,
1032 481 1136 520 quae
1165 470 1279 520 quasi
1305 480 1440 507 morsu
1466 481 1564 522 quo-

82 520 114 555 V
136 520 190 558 ld·
220 520 337 558 Mart·
358 535 451 573 dam
480 535 662 575 dolorem
690 535 883 582 efficiunt,
910 534 1070 585 refugio
1098 533 1151 572 ad
1178 539 1222 573 te
1249 533 1562 574 admonendum.

75 589 108 612 a.
135 577 210 613 709

360 601 480 649 Quod
510 601 631 639 velim
658 600 760 638 mihi
788 602 985 651 ignoscas,
1006 599 1248 638 cuicuimodi
1267 604 1342 638 est.
1400 599 1564 639 Etenim

358 667 488 705 habeo
507 680 590 705 non
608 665 742 705 nullos
768 678 819 704 ex
845 668 907 713 iis,
932 678 1032 717 quos
1060 678 1169 704 nunc
1197 664 1341 704 lectito
1367 670 1565 712 auctores,

358 735 427 784 qui
446 732 585 770 dicant
603 731 689 771 fieri
709 731 751 770 id
770 737 972 783 oportere,
992 730 1102 783 quod
1128 743 1250 782 saepe
1277 735 1417 770 tecum
1436 732 1503 783 egi
1522 735 1566 770 et

358 797 467 850 quod
485 812 508 835 a
531 803 575 837 te
597 798 810 850 approbari
839 797 942 844 volo,
971 796 1025 836 de
1052 795 1148 835 fano
1174 795 1245 835 illo
1272 796 1377 845 dico,
1404 796 1458 836 de
1485 809 1566 849 quo

358 869 532 911 tantum,
551 868 750 915 quantum
768 876 836 901 me
852 875 977 910 amas,
995 862 1118 901 velim
1139 865 1305 914 cogites.
1363 861 1565 914 Equidem

359 942 491 981 neque
524 929 577 968 de
609 941 763 981 genere
795 928 940 967 dubito
967 926 1122 981 (placet
1149 930 1259 967 enim
1287 927 1387 965 mihi
1415 927 1563 977 Cluati)

357 1008 490 1047 neque
510 995 564 1033 de
583 1008 627 1034 re
649 996 865 1045 (statutum
884 1000 949 1033 est
971 994 1113 1044 enim),
1141 993 1194 1032 de
1221 994 1311 1033 loco
1339 1007 1421 1032 non
1448 1006 1565 1033 num-

356 1076 488 1113 quam.
538 1061 672 1100 Velim
686 1063 812 1112 igitur
826 1062 992 1112 cogites.
1042 1060 1144 1112 Ego,
1163 1065 1362 1112 quantum
1381 1060 1444 1099 his
1460 1065 1566 1100 tem-

358 1126 520 1176 poribus
557 1130 643 1163 tam
680 1123 850 1163 eruditis
888 1123 974 1162 fieri
1011 1125 1206 1175 potuerit,
1238 1123 1423 1175 profecto
1453 1122 1564 1162 illam

357 1191 600 1230 consecrabo
627 1192 739 1228 omni
766 1202 921 1241 genere
947 1192 1293 1228 monimentorum
1315 1190 1367 1228 ab
1385 1191 1564 1229 omnium

357 1258 531 1307 ingeniis
574 1260 829 1307 sumptorum
865 1259 910 1294 et
947 1253 1196 1293 Graecorum
1233 1259 1277 1293 et
1315 1253 1563 1294 Latinorum.

357 1322 473 1370 Quae
492 1334 556 1360 res
575 1320 746 1360 forsitan
765 1323 820 1360 sit
839 1319 1077 1360 refricatura
1103 1320 1250 1359 vulnus
1277 1333 1425 1360 meum.
1482 1319 1564 1361 Sed

357 1392 435 1426 iam
454 1390 567 1439 quasi
587 1392 683 1425 voto
701 1386 878 1439 quodam
903 1391 948 1426 et
973 1388 1169 1438 promisso
1195 1399 1263 1425 me
1290 1389 1424 1425 teneri
1452 1390 1565 1439 puto,

356 1455 604 1505 longumque
637 1452 740 1491 illud
771 1458 948 1504 tempus,
981 1465 1073 1491 cum
1107 1465 1190 1491 non
1223 1465 1308 1501 ero,
1338 1454 1468 1505 magis
1497 1465 1565 1492 me

356 1524 494 1558 movet
511 1531 633 1570 quam
651 1517 730 1556 hoc
749 1520 955 1569 exiguum,
975 1517 1084 1569 quod
1110 1516 1211 1555 mihi
1236 1522 1376 1556 tamen
1395 1519 1565 1556 nimium

357 1585 523 1635 longum
542 1583 715 1622 videtur.
776 1583 924 1621 Habeo
950 1586 1059 1622 enim
1085 1582 1188 1621 nihil
1214 1585 1427 1634 temptatis
1446 1583 1564 1623 rebus

355 1650 556 1698 omnibus,
569 1651 612 1687 in
627 1661 707 1701 quo
726 1651 990 1700 acquiescam.
1042 1648 1160 1695 Nam,
1179 1647 1278 1686 dum
1297 1647 1399 1686 illud
1416 1653 1564 1688 tracta-

358 1717 462 1763 bam,
479 1714 534 1754 de
552 1727 633 1766 quo
651 1713 703 1752 ad
723 1719 767 1753 te
785 1719 883 1753 ante
903 1717 1056 1765 scripsi,
1070 1716 1182 1765 quasi
1202 1713 1390 1752 fovebam
1407 1713 1566 1753 dolores

357 1794 468 1820 meos
481 1794 492 1827 ;
516 1793 627 1819 nunc
640 1782 776 1818 omnia
790 1793 937 1831 respuo
952 1793 1028 1818 nec
1043 1782 1259 1831 quicquam
1273 1778 1404 1818 habeo
1417 1779 1564 1819 tolera·

358 1848 621 1898 bilius1quam
646 1845 933 1892 solitudinem;
962 1858 1095 1897 quam,
1125 1845 1235 1898 quod
1263 1858 1373 1884 eram
1400 1848 1564 1894 veritus,

357 1926 437 1952 non
469 1912 703 1952 obturbavit
736 1911 957 1963 Philippus.
1020 1912 1139 1959 Nam,
1169 1916 1216 1950 ut
1245 1910 1333 1950 heri
1363 1924 1431 1950 me
1460 1910 1564 1951 salu-

354 1981 471 2026 tavit,
489 1980 629 2017 statim
651 1977 818 2016 Romam
836 1976 1044 2028 profectus
1064 1982 1137 2015 est.

409 2044 650 2096 Epistulam,
683 2056 804 2095 quam
836 2043 888 2082 ad
922 2042 1108 2090 Brutum,
1146 2048 1193 2082 ut
1231 2044 1305 2081 tibi
1343 2042 1565 2094 placuerat,

354 2113 508 2161 scripsi,
535 2112 627 2148 misi
655 2109 708 2147 ad
735 2114 790 2148 te.
849 2108 1016 2147 curabis
1044 2122 1136 2147 cum
1164 2114 1236 2147 tua
1263 2108 1562 2160 perferendam.

356 2169 407 2203 84
