1572 2378
595 163 674 199 MA
683 163 819 202 RCUS
856 163 1100 202 TULLIUS
1138 164 1339 204 CICERO

362 250 467 301 quod
489 251 720 298 scriberem,
739 250 840 289 nihil
859 256 947 290 erat
967 265 1096 304 eoque
1115 254 1262 299 minus,
1282 252 1390 304 quod
1409 253 1567 292 dubita-

361 321 467 368 bam,
488 327 533 360 tu
553 321 625 360 has
653 324 757 373 ipsas
785 322 942 361 litteras
970 335 1132 361 essesne
1161 328 1411 374 accepturus.
1470 323 1569 362 Erat

361 395 470 430 enim
500 395 713 439 incertum,
737 395 945 431 visurusne
971 399 1015 432 te
1041 399 1149 432 esset
1176 393 1421 433 tabellarius.
1478 395 1567 445 Ego

361 469 450 503 tuas
469 463 626 502 litteras
645 464 912 503 vehementer
931 471 1134 516 exspecto,

947 619 985 657 X

758 715 897 739 CICERO
926 715 1066 740 ATTlco
1095 716 1173 741 SAL.

76 786 153 825 Scr.
181 800 220 825 m
251 786 345 825 Tus·
418 784 455 823 O
478 784 591 823 Bruti
610 789 795 822 amanter
813 787 981 835 scriptas
1000 784 1180 822 litteras!
1210 799 1234 823 o
1252 787 1435 837 iniquum
1451 790 1565 824 tuum

75 840 207 879 culmw
226 841 324 879 N⁰⁷¹·
360 861 533 907 tempus,
555 858 623 908 qui
643 855 695 894 ad
714 869 807 893 eum
828 859 886 894 ire
906 870 986 893 non
1007 857 1156 906 possis!
1206 857 1292 908 Ego
1311 863 1448 895 autem
1467 857 1564 909 quid

80 895 158 933 Iun.
172 900 236 933 aut
243 900 343 947 post·
425 930 432 936 .
519 907 531 917 “
831 929 839 936 .
897 929 905 936 .
985 940 993 948 .
1085 907 1090 910 “
1414 931 1421 938 .
1514 938 1515 941 ,

77 949 170 988 ridie
187 963 223 988 a·
249 951 325 990 710
358 927 558 965 scribam?
598 931 642 964 ut
670 926 867 964 beneficio
895 932 1062 964 istmum
1093 929 1286 965 utantur?
1343 927 1452 975 Quid
1481 933 1564 967 tur-

359 999 476 1049 pius?
535 998 593 1036 Ut
612 998 830 1036 moliantur
849 997 1029 1049 aliquid?
1100 998 1186 1036 Nec
1209 998 1364 1037 audent
1386 1012 1464 1037 nec
1485 1001 1563 1038 iam

357 1076 536 1121 possunt.
615 1071 718 1120 Age,
760 1073 972 1121 quiescant
1015 1071 1245 1108 auctoribus
1290 1070 1429 1116 nobis;
1475 1073 1565 1123 quis

355 1142 675 1180 incolumitatem
697 1142 905 1192 praestat?
961 1142 1004 1180 Si
1024 1155 1118 1179 vero
1137 1141 1288 1193 aliquid
1315 1141 1368 1180 de
1395 1141 1564 1180 Decimo

354 1216 526 1264 gravius,
546 1226 649 1263 quae
670 1215 817 1250 nostris
836 1215 929 1259 vita,
951 1214 1107 1250 etiamsi
1129 1226 1250 1250 nemo
1270 1213 1464 1251 molestus
1482 1213 1563 1252 sit?

353 1284 469 1322 ludos
502 1297 597 1322 vero
635 1297 716 1320 non
736 1283 913 1332 facere!
951 1283 1047 1335 quid
1087 1283 1272 1321 foedius?
1312 1283 1560 1323 frumentum

351 1357 560 1406 imponere
577 1355 585 1392 !
622 1367 726 1405 quae
760 1359 824 1392 est
860 1353 938 1391 alia
978 1353 1120 1392 Dionis
1137 1354 1308 1405 ‚legatio
1344 1359 1417 1392 aut
1452 1354 1560 1406 quod

353 1439 499 1464 munus
519 1429 560 1462 in
582 1438 625 1463 re
646 1424 807 1475 publica
827 1424 1053 1463 sordidius?
1105 1424 1268 1462 Prorsus
1286 1424 1452 1476 quidem
1471 1439 1558 1463 con-

352 1498 439 1536 silia
458 1497 530 1535 tali
550 1500 591 1534 in
612 1510 654 1534 re
675 1510 727 1534 ne
747 1499 794 1534 iis
814 1495 977 1547 quidem
1002 1501 1093 1534 tuta
1115 1501 1224 1542 sunt,
1243 1498 1312 1547 qui
1335 1495 1460 1541 dant;
1487 1496 1559 1534 sed

354 1572 500 1620 possim
525 1568 566 1606 id
592 1567 812 1618 neglegere
840 1567 1075 1617 proficiens;
1105 1566 1252 1605 frustra
1280 1579 1375 1604 vero
1403 1569 1471 1618 qui
1499 1570 1560 1606 in-

352 1640 540 1691 grediar?
589 1639 731 1676 Matris
751 1638 917 1676 consilio
937 1651 1029 1675 cum
1050 1643 1188 1676 utatur
1207 1637 1272 1676 vel
1293 1640 1415 1676 etiam
1436 1624 1559 1690 preci-

353 1713 437 1757 bus,
458 1710 555 1761 quid
575 1723 641 1748 me
662 1710 947 1760 interponam?
1000 1708 1080 1747 Sed
1102 1714 1239 1747 tamen
1260 1709 1460 1759 cogitabo,
1479 1722 1559 1760 quo

353 1796 503 1834 genere
541 1787 632 1820 utar
669 1781 921 1826 litterarum3
968 1794 1061 1817 nam
1105 1780 1223 1818 silere
1265 1793 1344 1818 non
1384 1793 1555 1831 possum.

351 1855 498 1894 Statim
518 1856 643 1904 igitur
663 1855 824 1890 mittam
843 1851 907 1890 vel
928 1851 1099 1890 Antium
1121 1851 1184 1889 vel
1206 1851 1390 1889 Circeios.

396 1972 408 1993 ¹
434 1972 566 2004 Brutus
581 1981 619 2002 as
637 1975 783 2012 praetor
796 1969 949 2002 urbanm
973 1970 1084 2012 ought
1100 1972 1139 2002 to
1155 1968 1244 2001 have
1261 1969 1423 2012 presided
1440 1974 1479 2002 at
1495 1969 1557 2003 the

350 2015 441 2049 Ludi
460 2015 694 2058 Apollinares.
715 2013 779 2046 but
801 2013 937 2056 feni-ing
962 2019 999 2046 to
1022 2023 1067 2056 go
1091 2019 1129 2046 to
1153 2013 1263 2046 Rome
1286 2013 1330 2046 he
1354 2014 1419 2046 left
1436 2014 1466 2047 it
1482 2019 1520 2046 to
1535 2025 1557 2046 a

349 2059 528 2102 colleague
545 2059 654 2090 Gaius
671 2057 860 2090 Antonius.

353 2145 430 2178 320
