1572 2378
67 823 144 861 Scr.
165 822 204 859 in
223 822 333 859 Pom-

66 877 199 929 peiano
225 875 259 913 V
262 875 307 912 II

71 931 126 969 Id.
148 929 246 968 Mai.
268 943 302 967 a.

73 987 148 1025 710

575 134 801 172 MARCUS
839 132 1084 172 TULLIUS
1121 131 1321 171 CICERO

341 237 424 261 non
452 223 574 261 modo
601 223 790 270 tuendos,
820 223 890 261 sed
920 225 1042 261 etiam
1063 221 1263 260 ornandos
1281 221 1371 260 illos
1389 224 1507 268 viros,
1523 234 1547 258 a

342 290 488 341 quibus
514 291 676 327 initium
704 289 903 327 libertatis
931 288 1159 339 profectum
1182 293 1255 326 est.
1312 286 1395 326 Sed
1415 287 1477 326 his
1494 285 1546 325 de

344 356 464 392 rebus
492 367 625 392 coram
653 354 768 405 plura
796 367 920 405 prope
949 353 1071 400 diem,
1098 359 1145 391 ut
1170 365 1298 404 spero.
1355 352 1431 400 Tu,
1450 364 1546 405 quo-

344 423 453 458 niam
473 433 558 458 rem
577 419 780 471 publicam
800 433 954 471 nosque
973 432 1197 466 conservas,
1216 418 1293 467 fac,
1312 422 1360 457 ut
1377 418 1550 470 diligen-

345 488 499 524 tissime
519 491 562 523 te
581 488 725 536 ipsum,
746 488 800 523 mi
823 485 1048 531 Dolabella,
1067 484 1280 524 custodias.

880 637 1022 675 XVIII

800 738 939 764 CICERO
969 737 1120 764 ATTICO.

406 815 573 866 Saepius
605 827 671 853 me
703 817 783 852 iam
815 817 957 865 agitas,
987 813 1095 865 quod
1126 826 1212 852 rem
1241 815 1400 864 'gestam
1433 813 1551 852 Dola-

351 881 484 920 bellae
515 883 634 919 nimis
663 883 706 918 in
736 879 893 919 caelum
922 880 1060 918 videar
1087 879 1241 919 efferre.
1298 879 1387 930 Ego
1405 885 1556 927 autem,

352 960 595 999 quamquam
615 959 711 985 sane
730 947 856 997 probo
875 946 1041 993 factum,
1060 950 1214 992 tamen,
1233 949 1280 984 ut
1296 949 1413 984 tanto
1435 958 1557 997 opere

352 1013 571 1059 laudarem,
586 1011 786 1050 adductus
801 1024 888 1050 sum
908 1014 989 1050 tuis
1008 1016 1052 1049 et
1070 1014 1160 1049 unis
1180 1015 1225 1049 et
1241 1011 1380 1050 alteris
1397 1011 1556 1050 litteris.

353 1078 435 1118 Sed
454 1083 587 1116 totum
607 1091 650 1116 se
669 1091 693 1115 a
712 1083 756 1116 te
774 1077 1020 1115 abalienavit
1041 1076 1254 1115 Dolabella
1278 1091 1326 1116 ea
1350 1077 1403 1116 de
1427 1089 1559 1123 causa,

352 1158 431 1196 qua
445 1157 510 1181 me
527 1156 688 1194 quoque
702 1144 779 1181 sibi
798 1145 1115 1180 inimicissimum
1136 1142 1325 1181 reddidit.
1375 1142 1413 1182 O
1432 1142 1559 1182 homi-

352 1223 447 1248 nem
486 1209 791 1259 impudentem!
863 1208 950 1247 Kal.
992 1208 1076 1246 Ian.
1115 1207 1272 1254 debuit,
1309 1207 1442 1246 adhuc
1477 1220 1560 1246 non

353 1276 485 1322 solvit,
505 1277 743 1325 praesertim
763 1288 855 1312 cum
875 1287 919 1313 se
939 1277 1112 1311 maximo
1137 1286 1231 1312 aere
1255 1273 1389 1312 alieno
1417 1272 1560 1312 Faberi

354 1354 475 1378 manu
496 1340 676 1378 liberarit
696 1345 739 1377 et
758 1353 878 1390 opem
897 1340 947 1377 ab
969 1339 1060 1390 Ope
1080 1341 1257 1390 petierit.
1316 1338 1434 1378 Licet
1452 1339 1561 1381 enim

353 1408 487 1452 iocari,
507 1418 559 1443 ne
579 1418 645 1443 me
666 1404 783 1442 valde
812 1405 1099 1442 conturbatum
1128 1409 1259 1456 putes.
1318 1404 1456 1456 Atque
1475 1416 1562 1456 -ego

353 1471 406 1510 ad
425 1483 519 1510 eum
540 1483 608 1509 vm
630 1471 727 1508 Idus
747 1471 904 1508 litteras
926 1470 1120 1508 dederam
1139 1470 1246 1508 bene
1264 1483 1398 1517 mane,
1418 1469 1562 1509 eodem

355 1542 492 1575 autem
511 1535 578 1574 die
598 1541 689 1574 tuas
708 1536 865 1574 litteras
885 1538 1041 1587 vesperi
1061 1549 1296 1586 acceperam
1315 1538 1357 1573 in
1380 1535 1562 1587 Pompei-

355 1616 432 1640 ano
460 1615 557 1640 sane
586 1602 775 1640 celeriter
801 1604 925 1639 tertio
952 1602 1022 1639 abs
1051 1606 1094 1640 te
1122 1601 1199 1640 die.
1259 1600 1354 1647 Sed,
1374 1606 1421 1640 ut
1442 1601 1492 1639 ad
1513 1605 1562 1639 te

356 1683 405 1708 eo
423 1673 510 1720 ipso
530 1669 596 1707 die
616 1670 865 1718 scripseram,
886 1669 982 1705 satis
1001 1666 1203 1704 aculeatas
1227 1666 1278 1704 ad
1310 1665 1560 1705 Dolabellam

356 1735 513 1773 litteras
532 1733 652 1778 dedi;
681 1746 785 1784 quae
805 1735 837 1770 si
857 1732 957 1769 nihil
985 1731 1245 1783 profecerint,
1273 1736 1374 1783 puto
1401 1730 1486 1771 fore
1516 1737 1563 1770 ut

356 1813 422 1839 me
443 1804 699 1851 praesentem
717 1811 799 1836 non
820 1801 1029 1836 sustineat.

411 1866 631 1903 Albianum
660 1869 704 1903 te
736 1864 958 1902 confecisse
989 1864 1170 1901 arbitror.
1230 1863 1293 1901 De
1330 1863 1562 1901 Patulciano

401 1984 414 2005 ²
437 1984 606 2017 Faberius
619 1994 690 2016 was
706 1983 863 2016 Caesar-’s
879 1986 1059 2025 secretary
1074 1982 1145 2015 and
1162 1993 1232 2015 was
1250 1982 1334 2014 used
1351 1982 1398 2025 by
1416 1983 1560 2024 Antony

357 2033 396 2061 to
413 2029 524 2061 insert
540 2032 643 2061 extra
663 2023 793 2060 details
815 2027 853 2059 in
876 2026 1034 2059 Caesar’s
1057 2025 1292 2059 memoranda.
1342 2025 1437 2058 Here
1458 2025 1560 2058 Dola-

358 2073 450 2105 bella
476 2073 506 2105 is
532 2070 698 2104 included
726 2071 763 2103 in
786 2070 848 2103 the
875 2070 1076 2102 accusation
1104 2069 1311 2113 repentedly
1338 2069 1493 2113 brought
1513 2068 1571 2111 by‘

359 2119 437 2157 272
