1546 2378
562 181 788 221 MARCUS
827 183 1072 223 TULLIUS
1111 185 1314 226 CICERO

383 267 448 306 De
494 268 662 307 Cocceio
709 276 753 308 et
801 271 956 310 Libone
1003 286 1106 324 quae
1148 275 1301 322 scribis,
1342 277 1534 328 approbo,

328 335 501 372 maxime
529 335 637 386 quod
667 335 719 375 de
747 336 927 376 iudicatu
957 351 1061 378 meo,
1122 339 1187 378 De
1215 353 1364 392 sponsu
1385 343 1534 394 siquid

328 403 593 450 perspexeris,
631 406 675 440 et
711 407 851 441 tamen
889 403 986 456 quid
1025 410 1304 455 procuratores
1349 406 1534 447 Cornifici

326 464 477 512 dicant,
498 466 618 504 velim
643 470 758 515 scire,
777 471 835 506 ita
853 474 900 507 ut
919 472 961 507 in
982 483 1030 507 ea
1050 484 1092 508 re
1112 476 1168 518 te,
1189 484 1281 510 cum
1307 477 1391 511 tam
1416 487 1534 514 occu-

327 536 445 581 patus
477 534 544 580 sis,
576 546 658 570 non
691 533 866 572 multum
903 549 1050 586 operae
1089 537 1210 574 velim
1247 551 1410 589 ponere.
1468 540 1533 580 De

328 596 508 635 Antonio
530 598 676 637 Balbus
691 613 852 651 quoque
867 600 918 638 ad
933 614 999 639 me
1014 615 1107 640 cum
1127 602 1263 654 Oppio
1282 608 1532 656 conscripsit,

326 662 448 714 idque
468 664 541 701 tibi
562 663 773 714 placuisse,
788 679 841 704 ne
861 668 1128 717 perturbarer.
1180 667 1266 707 Illis
1284 672 1349 721 egi
1369 674 1529 721 gratias.

325 726 384 766 Te
414 733 565 775 tamen,
595 735 642 768 ut
669 732 748 767 iam
777 736 874 769 ante
903 731 954 769 ad
982 737 1026 771 te
1055 735 1208 784 scripsi,
1235 737 1336 774 scire
1358 735 1447 775 volo
1464 750 1530 776 me

323 806 456 844 neque
477 797 554 832 isto
569 798 714 834 nuntio
734 810 822 835 esse
843 798 1125 848 perturbatum
1144 812 1222 838 nec
1241 802 1319 838 iam
1338 801 1422 840 ullo
1439 815 1530 854 per-

322 859 530 898 turbatum
556 863 615 898 iri.
681 861 810 900 Pansa
838 866 870 901 si
899 862 1036 910 hodie,
1055 869 1102 902 ut
1121 865 1304 915 putabas,
1324 866 1530 918 profectus

321 929 398 971 est,
429 925 598 975 posthae
628 929 707 964 iam
738 930 907 978 incipito
937 929 1113 968 scribere
1142 930 1194 968 ad
1225 944 1305 979 me,
1332 931 1384 971 de
1414 933 1528 974 Bruti

319 989 498 1029 adventu
518 992 616 1042 quid
635 998 861 1043 exspectes,
889 994 930 1032 id
956 999 1020 1033 est
1048 1008 1148 1047 quos
1175 996 1227 1034 ad
1256 996 1354 1036 dies.
1414 998 1477 1048 Id,
1495 1003 1527 1039 si

319 1058 433 1103 scies,
454 1057 522 1094 ubi
542 1060 620 1095 iam
641 1061 708 1106 sit,
726 1058 844 1097 facile
865 1062 1098 1098 coniectura
1116 1060 1349 1114 adsequere.

373 1121 493 1169 Quod
522 1123 573 1161 ad
604 1124 795 1163 Tironem
823 1125 875 1163 de
901 1126 1094 1164 Terentia
1113 1129 1266 1175 scribis,
1285 1130 1451 1170 obsecro
1470 1137 1526 1180 te,

318 1190 373 1224 mi
394 1188 546 1236 Attice,
561 1192 718 1240 suscipe
738 1195 871 1229 totum
890 1195 1112 1242 negotium.
1157 1192 1281 1232 Vides
1296 1199 1340 1233 et
1353 1195 1525 1235 officium

318 1255 384 1303 agi
411 1267 548 1291 meum
576 1255 794 1306 quoddam,
819 1259 883 1294 cui
912 1261 957 1295 tu
987 1270 1030 1295 es
1058 1261 1254 1305 conscius,
1284 1266 1341 1307 et,
1369 1266 1417 1300 ut
1442 1275 1524 1301 non

319 1318 420 1356 nulli
449 1325 607 1370 putant,
638 1320 842 1360 Ciceronis
870 1335 966 1360 rem.
1026 1323 1096 1361 Me
1126 1324 1292 1374 quidem
1323 1325 1363 1364 id
1396 1327 1525 1367 multo

318 1387 445 1435 magis
464 1391 614 1433 movet,
633 1387 741 1438 quod
762 1388 860 1426 mihi
882 1393 946 1426 est
964 1394 1008 1427 et
1026 1391 1203 1428 sanctius
1233 1396 1276 1429 et
1303 1395 1525 1444 antiquius,

316 1454 552 1500 praesertim
580 1465 672 1490 cum
701 1452 776 1491 hoc
804 1454 978 1492 alterum
1004 1468 1140 1507 neque
1165 1458 1366 1495 sincerum
1389 1472 1522 1511 neque

315 1515 472 1554 firmum
494 1522 636 1567 putem
656 1517 752 1556 fore.

876 1683 954 1722 XX

707 1776 847 1801 elcnno
878 1776 1018 1802 A'r'rlco
1046 1777 1123 1803 SAL.

26 1843 105 1883 Ser.
133 1843 295 1883 Asturae
367 1842 559 1880 Nondum
579 1843 726 1882 videris
745 1846 986 1895 perspicere,
1003 1858 1123 1896 quam
1139 1859 1205 1884 me
1220 1860 1297 1885 nec
1314 1848 1516 1888 Antonius

29 1897 83 1935 ld·
109 1896 229 1938 Mart·
255 1913 291 1938 a·
310 1912 586 1956 commoverit,
601 1922 678 1947 nec
696 1912 911 1961 quicquam
931 1913 1009 1948 iam
1029 1913 1115 1949 eius
1134 1911 1244 1950 modi
1263 1917 1390 1964 possit
1408 1928 1515 1954 com-

29 1953 105 1990 709
310 1986 483 2012 movere.
534 1973 598 2012 De
617 1974 810 2012 Terentia
827 1980 966 2013 autem
984 1978 1123 2026 scripsi
1141 1975 1194 2014 ad
1211 1981 1256 2015 te
1275 1979 1333 2016 eis
1352 1978 1514 2025 litteris,

308 2051 407 2089 quas
439 2039 633 2077 dederam
666 2039 807 2090 pridie.
877 2039 998 2086 Quod
1030 2054 1096 2078 me
1130 2041 1301 2081 hortaris
1334 2043 1458 2096 idque
1489 2059 1513 2083 a

307 2107 454 2142 ceteris
500 2104 720 2143 desiderari
763 2106 917 2152 scribis,
954 2111 1001 2144 ut
1037 2105 1285 2146 dissimulem
1323 2122 1389 2147 me
1426 2114 1510 2148 tam

307 2163 359 2196 40
