<?xml version="1.0" encoding="UTF-8"?>
<!DOCTYPE html PUBLIC "-//W3C//DTD XHTML 1.0 Transitional//EN"
    "http://www.w3.org/TR/xhtml1/DTD/xhtml1-transitional.dtd">
<html xmlns="http://www.w3.org/1999/xhtml" xml:lang="en" lang="en">
 <head>
  <title>
</title>
<meta http-equiv="Content-Type" content="text/html;charset=utf-8" />
  <meta name='ocr-system' content='tesseract 3.04.00' />
  <meta name='ocr-capabilities' content='ocr_page ocr_carea ocr_par ocr_line ocrx_word'/>
</head>
<body>
  <div class='ocr_page' id='page_1' title='image "./letterstoatticuswins03ciceuoft/letterstoatticuswins03ciceuoft_0186.png"; bbox 0 0 1572 2378; ppageno 0'>
   <div class='ocr_carea' id='block_1_1' title="bbox 537 165 1290 207">
    <p class='ocr_par' dir='ltr' id='par_1_1' title="bbox 537 165 1290 207">
     <span class='ocr_line' id='line_1_1' title="bbox 537 165 1290 207; baseline 0.007 -5"><span class='ocrx_word' id='word_1_1' title='bbox 537 166 617 202; x_wconf 90' lang='lat' dir='ltr'><strong>MA</strong></span> <span class='ocrx_word' id='word_1_2' title='bbox 626 165 762 205; x_wconf 86' lang='lat' dir='ltr'><strong>RCUS</strong></span> <span class='ocrx_word' id='word_1_3' title='bbox 802 167 1047 206; x_wconf 91' lang='lat' dir='ltr'><strong>TULLIUS</strong></span> <span class='ocrx_word' id='word_1_4' title='bbox 1087 167 1290 207; x_wconf 89' lang='lat' dir='ltr'>CICERO</span> 
     </span>
    </p>
   </div>
   <div class='ocr_carea' id='block_1_2' title="bbox 305 252 1512 429">
    <p class='ocr_par' dir='ltr' id='par_1_2' title="bbox 305 252 1512 429">
     <span class='ocr_line' id='line_1_2' title="bbox 306 252 1512 307; baseline 0.004 -18"><span class='ocrx_word' id='word_1_5' title='bbox 306 265 391 290; x_wconf 77' lang='lat' dir='ltr'><strong>ram</strong></span> <span class='ocrx_word' id='word_1_6' title='bbox 410 252 463 291; x_wconf 90' lang='lat' dir='ltr'><strong>de</strong></span> <span class='ocrx_word' id='word_1_7' title='bbox 483 253 603 292; x_wconf 83' lang='lat' dir='ltr'><strong>rebus</strong></span> <span class='ocrx_word' id='word_1_8' title='bbox 622 256 749 304; x_wconf 85' lang='lat' dir='ltr'><strong>gestis</strong></span> <span class='ocrx_word' id='word_1_9' title='bbox 769 255 914 293; x_wconf 89' lang='lat' dir='ltr'><strong>eodem</strong></span> <span class='ocrx_word' id='word_1_10' title='bbox 935 255 1124 307; x_wconf 86' lang='lat' dir='ltr'><strong>exemplo</strong></span> <span class='ocrx_word' id='word_1_11' title='bbox 1143 261 1253 306; x_wconf 85' lang='lat' dir='ltr'><strong>puto.</strong></span> <span class='ocrx_word' id='word_1_12' title='bbox 1306 256 1356 294; x_wconf 89' lang='lat' dir='ltr'><strong>ln</strong></span> <span class='ocrx_word' id='word_1_13' title='bbox 1371 256 1512 294; x_wconf 84' lang='lat' dir='ltr'><strong>Cuma-</strong></span> 
     </span>
     <span class='ocr_line' id='line_1_3' title="bbox 305 314 1512 358; baseline 0.005 -6"><span class='ocrx_word' id='word_1_14' title='bbox 305 327 403 353; x_wconf 90' lang='lat' dir='ltr'><strong>num</strong></span> <span class='ocrx_word' id='word_1_15' title='bbox 423 314 545 354; x_wconf 90' lang='lat' dir='ltr'><strong>hodie</strong></span> <span class='ocrx_word' id='word_1_16' title='bbox 564 318 654 354; x_wconf 91' lang='lat' dir='ltr'><strong>misi</strong></span> <span class='ocrx_word' id='word_1_17' title='bbox 679 317 946 356; x_wconf 83' lang='lat' dir='ltr'><strong>tabellarium.</strong></span> <span class='ocrx_word' id='word_1_18' title='bbox 1005 318 1054 356; x_wconf 92' lang='lat' dir='ltr'><strong>Ei</strong></span> <span class='ocrx_word' id='word_1_19' title='bbox 1073 318 1170 357; x_wconf 90' lang='lat' dir='ltr'><strong>dedi</strong></span> <span class='ocrx_word' id='word_1_20' title='bbox 1189 324 1280 357; x_wconf 85' lang='lat' dir='ltr'><strong>tuas</strong></span> <span class='ocrx_word' id='word_1_21' title='bbox 1298 319 1350 357; x_wconf 89' lang='lat' dir='ltr'><strong>ad</strong></span> <span class='ocrx_word' id='word_1_22' title='bbox 1371 319 1512 358; x_wconf 77' lang='lat' dir='ltr'><strong>Vesto-</strong></span> 
     </span>
     <span class='ocr_line' id='line_1_4' title="bbox 306 378 957 429; baseline 0.008 -15"><span class='ocrx_word' id='word_1_23' title='bbox 306 379 423 425; x_wconf 84' lang='lat' dir='ltr'>rium,</span> <span class='ocrx_word' id='word_1_24' title='bbox 441 390 539 429; x_wconf 83' lang='lat' dir='ltr'><strong>quas</strong></span> <span class='ocrx_word' id='word_1_25' title='bbox 561 378 755 417; x_wconf 76' lang='lat' dir='ltr'><strong>Pharnaci</strong></span> <span class='ocrx_word' id='word_1_26' title='bbox 775 379 957 419; x_wconf 86' lang='lat' dir='ltr'><strong>dederas.</strong></span> 
     </span>
    </p>
   </div>
   <div class='ocr_carea' id='block_1_3' title="bbox 848 505 966 543">
    <p class='ocr_par' dir='ltr' id='par_1_3' title="bbox 848 505 966 543">
     <span class='ocr_line' id='line_1_5' title="bbox 848 505 966 543; baseline 0.008 -1"><span class='ocrx_word' id='word_1_27' title='bbox 848 505 966 543; x_wconf 90' lang='lat' dir='ltr'><strong>XXX</strong></span> 
     </span>
    </p>
   </div>
   <div class='ocr_carea' id='block_1_4' title="bbox 703 597 1120 626">
    <p class='ocr_par' dir='ltr' id='par_1_4' title="bbox 703 597 1120 626">
     <span class='ocr_line' id='line_1_6' title="bbox 703 597 1120 626; baseline 0.007 -4"><span class='ocrx_word' id='word_1_28' title='bbox 703 597 842 623; x_wconf 75' lang='lat' dir='ltr'>CICERO</span> <span class='ocrx_word' id='word_1_29' title='bbox 873 598 1012 623; x_wconf 76' lang='lat' dir='ltr'><strong>A&#39;r&#39;rlco</strong></span> <span class='ocrx_word' id='word_1_30' title='bbox 1041 598 1120 626; x_wconf 69' lang='lat' dir='ltr'><strong>sAL.</strong></span> 
     </span>
    </p>
   </div>
   <div class='ocr_carea' id='block_1_5' title="bbox 21 662 1514 1589">
    <p class='ocr_par' dir='ltr' id='par_1_5' title="bbox 21 662 1513 714">
     <span class='ocr_line' id='line_1_7' title="bbox 21 662 1513 714; baseline 0.001 -9"><span class='ocrx_word' id='word_1_31' title='bbox 21 667 100 706; x_wconf 84' lang='lat' dir='ltr'><strong>Scr.</strong></span> <span class='ocrx_word' id='word_1_32' title='bbox 123 667 162 705; x_wconf 80' lang='lat' dir='ltr'><strong>in</strong></span> <span class='ocrx_word' id='word_1_33' title='bbox 189 666 291 705; x_wconf 81' lang='lat' dir='ltr'><strong>Tus·</strong></span> <span class='ocrx_word' id='word_1_34' title='bbox 361 662 626 702; x_wconf 86' lang='lat' dir='ltr'>Commodum</span> <span class='ocrx_word' id='word_1_35' title='bbox 645 665 696 703; x_wconf 86' lang='lat' dir='ltr'><strong>ad</strong></span> <span class='ocrx_word' id='word_1_36' title='bbox 716 670 759 703; x_wconf 83' lang='lat' dir='ltr'><strong>te</strong></span> <span class='ocrx_word' id='word_1_37' title='bbox 779 668 965 704; x_wconf 86' lang='lat' dir='ltr'><strong>miseram</strong></span> <span class='ocrx_word' id='word_1_38' title='bbox 988 665 1186 714; x_wconf 86' lang='lat' dir='ltr'><strong>Demean,</strong></span> <span class='ocrx_word' id='word_1_39' title='bbox 1212 679 1304 704; x_wconf 88' lang='lat' dir='ltr'><strong>cum</strong></span> <span class='ocrx_word' id='word_1_40' title='bbox 1333 667 1434 706; x_wconf 90' lang='lat' dir='ltr'><strong>Eros</strong></span> <span class='ocrx_word' id='word_1_41' title='bbox 1461 667 1513 707; x_wconf 84' lang='lat' dir='ltr'><strong>ad</strong></span> 
     </span>
    </p>

    <p class='ocr_par' dir='ltr' id='par_1_6' title="bbox 21 720 1513 779">
     <span class='ocr_line' id='line_1_8' title="bbox 21 720 1513 779; baseline 0.003 -16"><span class='ocrx_word' id='word_1_42' title='bbox 21 722 152 759; x_wconf 66' lang='lat' dir='ltr'><strong>calano</strong></span> <span class='ocrx_word' id='word_1_43' title='bbox 179 722 211 758; x_wconf 85' lang='lat' dir='ltr'><em>V</em></span> <span class='ocrx_word' id='word_1_44' title='bbox 237 720 286 759; x_wconf 85' lang='lat' dir='ltr'><strong>K·</strong></span> <span class='ocrx_word' id='word_1_45' title='bbox 306 739 372 764; x_wconf 91' lang='lat' dir='ltr'><strong>me</strong></span> <span class='ocrx_word' id='word_1_46' title='bbox 391 729 516 765; x_wconf 91' lang='lat' dir='ltr'><strong>venit.</strong></span> <span class='ocrx_word' id='word_1_47' title='bbox 573 727 655 765; x_wconf 89' lang='lat' dir='ltr'><strong>Sed</strong></span> <span class='ocrx_word' id='word_1_48' title='bbox 683 730 727 765; x_wconf 91' lang='lat' dir='ltr'><strong>in</strong></span> <span class='ocrx_word' id='word_1_49' title='bbox 752 730 838 766; x_wconf 90' lang='lat' dir='ltr'><strong>eius</strong></span> <span class='ocrx_word' id='word_1_50' title='bbox 867 728 1041 779; x_wconf 81' lang='lat' dir='ltr'><strong>epistula</strong></span> <span class='ocrx_word' id='word_1_51' title='bbox 1068 728 1172 767; x_wconf 90' lang='lat' dir='ltr'><strong>nihil</strong></span> <span class='ocrx_word' id='word_1_52' title='bbox 1199 735 1287 768; x_wconf 88' lang='lat' dir='ltr'><strong>erat</strong></span> <span class='ocrx_word' id='word_1_53' title='bbox 1315 732 1410 768; x_wconf 90' lang='lat' dir='ltr'><strong>novi</strong></span> <span class='ocrx_word' id='word_1_54' title='bbox 1435 731 1513 768; x_wconf 79' lang='lat' dir='ltr'><strong>nisi</strong></span> 
     </span>
    </p>

    <p class='ocr_par' dir='ltr' id='par_1_7' title="bbox 23 776 1514 842">
     <span class='ocr_line' id='line_1_9' title="bbox 23 776 1514 842; baseline 0.003 -15"><span class='ocrx_word' id='word_1_55' title='bbox 23 776 103 814; x_wconf 67' lang='lat' dir='ltr'><em>Iun·</em></span> <span class='ocrx_word' id='word_1_56' title='bbox 121 780 208 828; x_wconf 70' lang='lat' dir='ltr'><strong>P⁰³²</strong></span> <span class='ocrx_word' id='word_1_57' title='bbox 230 789 288 828; x_wconf 55' lang='grc' dir='ltr'><strong>ΒΡ·</strong></span> <span class='ocrx_word' id='word_1_58' title='bbox 304 791 536 828; x_wconf 77' lang='lat' dir='ltr'><strong>auctionem</strong></span> <span class='ocrx_word' id='word_1_59' title='bbox 554 790 734 829; x_wconf 92' lang='lat' dir='ltr'><strong>biduum.</strong></span> <span class='ocrx_word' id='word_1_60' title='bbox 782 790 849 829; x_wconf 88' lang='lat' dir='ltr'><strong>Ab</strong></span> <span class='ocrx_word' id='word_1_61' title='bbox 869 805 916 829; x_wconf 89' lang='lat' dir='ltr'><strong>ea</strong></span> <span class='ocrx_word' id='word_1_62' title='bbox 934 794 1071 842; x_wconf 88' lang='lat' dir='ltr'><strong>igitur,</strong></span> <span class='ocrx_word' id='word_1_63' title='bbox 1090 797 1139 830; x_wconf 87' lang='lat' dir='ltr'><strong>ut</strong></span> <span class='ocrx_word' id='word_1_64' title='bbox 1156 793 1308 840; x_wconf 91' lang='lat' dir='ltr'><strong>scribis,</strong></span> <span class='ocrx_word' id='word_1_65' title='bbox 1329 797 1373 832; x_wconf 87' lang='lat' dir='ltr'><strong>et</strong></span> <span class='ocrx_word' id='word_1_66' title='bbox 1391 792 1514 831; x_wconf 90' lang='lat' dir='ltr'><strong>velim</strong></span> 
     </span>
    </p>

    <p class='ocr_par' dir='ltr' id='par_1_8' title="bbox 22 830 1514 907">
     <span class='ocr_line' id='line_1_10' title="bbox 22 830 1514 907; baseline 0.002 -18"><span class='ocrx_word' id='word_1_67' title='bbox 22 830 168 868; x_wconf 57' lang='grc' dir='ltr'><em>ΧΧᾹῙ</em></span> <span class='ocrx_word' id='word_1_68' title='bbox 182 844 219 870; x_wconf 76' lang='lat'><strong>⁰·</strong></span> <span class='ocrx_word' id='word_1_69' title='bbox 305 852 493 891; x_wconf 86' lang='lat' dir='ltr'><strong>confecto</strong></span> <span class='ocrx_word' id='word_1_70' title='bbox 528 855 696 904; x_wconf 89' lang='lat' dir='ltr'><strong>negotio</strong></span> <span class='ocrx_word' id='word_1_71' title='bbox 732 853 980 900; x_wconf 88' lang='lat' dir='ltr'><strong>Faberiano;</strong></span> <span class='ocrx_word' id='word_1_72' title='bbox 1026 867 1149 906; x_wconf 90' lang='lat' dir='ltr'><strong>quem</strong></span> <span class='ocrx_word' id='word_1_73' title='bbox 1184 854 1352 906; x_wconf 91' lang='lat' dir='ltr'><strong>quidem</strong></span> <span class='ocrx_word' id='word_1_74' title='bbox 1387 859 1514 907; x_wconf 73' lang='lat' dir='ltr'><strong>negat</strong></span> 
     </span>
    </p>

    <p class='ocr_par' dir='ltr' id='par_1_9' title="bbox 25 886 1512 1092">
     <span class='ocr_line' id='line_1_11' title="bbox 25 886 1512 967; baseline 0.003 -16"><span class='ocrx_word' id='word_1_75' title='bbox 25 886 101 923; x_wconf 75' lang='lat'><strong>709</strong></span> <span class='ocrx_word' id='word_1_76' title='bbox 305 915 405 953; x_wconf 89' lang='lat' dir='ltr'><strong>Eros</strong></span> <span class='ocrx_word' id='word_1_77' title='bbox 434 914 570 963; x_wconf 89' lang='lat' dir='ltr'><strong>hodie,</strong></span> <span class='ocrx_word' id='word_1_78' title='bbox 599 929 685 954; x_wconf 88' lang='lat' dir='ltr'><strong>cras</strong></span> <span class='ocrx_word' id='word_1_79' title='bbox 714 929 835 954; x_wconf 87' lang='lat' dir='ltr'><strong>mane</strong></span> <span class='ocrx_word' id='word_1_80' title='bbox 864 922 994 967; x_wconf 89' lang='lat' dir='ltr'><strong>putat.</strong></span> <span class='ocrx_word' id='word_1_81' title='bbox 1058 917 1096 955; x_wconf 91' lang='lat' dir='ltr'>A</span> <span class='ocrx_word' id='word_1_82' title='bbox 1125 921 1171 956; x_wconf 90' lang='lat' dir='ltr'><strong>te</strong></span> <span class='ocrx_word' id='word_1_83' title='bbox 1199 917 1395 956; x_wconf 91' lang='lat' dir='ltr'><strong>colendus</strong></span> <span class='ocrx_word' id='word_1_84' title='bbox 1425 922 1512 964; x_wconf 78' lang='lat' dir='ltr'><strong>est3</strong></span> 
     </span>
     <span class='ocr_line' id='line_1_12' title="bbox 302 979 1512 1031; baseline 0.003 -16"><span class='ocrx_word' id='word_1_85' title='bbox 302 980 404 1016; x_wconf 92' lang='lat' dir='ltr'><strong>istae</strong></span> <span class='ocrx_word' id='word_1_86' title='bbox 423 983 562 1016; x_wconf 83' lang='lat' dir='ltr'><strong>autem</strong></span> <span class='ocrx_word' id='word_1_87' title='bbox 582 981 772 1018; x_wconf 78' lang='grc' dir='ltr'>κολακεῖαι</span> <span class='ocrx_word' id='word_1_88' title='bbox 790 992 874 1017; x_wconf 92' lang='lat' dir='ltr'><strong>non</strong></span> <span class='ocrx_word' id='word_1_89' title='bbox 893 979 1016 1031; x_wconf 88' lang='lat' dir='ltr'><strong>longe</strong></span> <span class='ocrx_word' id='word_1_90' title='bbox 1030 979 1180 1018; x_wconf 88' lang='lat' dir='ltr'><strong>absunt</strong></span> <span class='ocrx_word' id='word_1_91' title='bbox 1193 993 1217 1017; x_wconf 87' lang='lat' dir='ltr'><strong>a</strong></span> <span class='ocrx_word' id='word_1_92' title='bbox 1231 979 1397 1020; x_wconf 89' lang='lat' dir='ltr'><strong>scelere.</strong></span> <span class='ocrx_word' id='word_1_93' title='bbox 1437 979 1512 1028; x_wconf 88' lang='lat' dir='ltr'><strong>Te,</strong></span> 
     </span>
     <span class='ocr_line' id='line_1_13' title="bbox 303 1041 727 1092; baseline 0.002 -13"><span class='ocrx_word' id='word_1_94' title='bbox 303 1045 350 1079; x_wconf 87' lang='lat' dir='ltr'><strong>ut</strong></span> <span class='ocrx_word' id='word_1_95' title='bbox 368 1054 499 1092; x_wconf 87' lang='lat' dir='ltr'><strong>spero,</strong></span> <span class='ocrx_word' id='word_1_96' title='bbox 518 1041 727 1092; x_wconf 87' lang='lat' dir='ltr'><strong>perendie.</strong></span> 
     </span>
    </p>

    <p class='ocr_par' dir='ltr' id='par_1_10' title="bbox 302 1101 1512 1589">
     <span class='ocr_line' id='line_1_14' title="bbox 358 1101 1512 1157; baseline 0.003 -17"><span class='ocrx_word' id='word_1_97' title='bbox 358 1103 431 1150; x_wconf 92' lang='lat' dir='ltr'><strong>Mi,</strong></span> <span class='ocrx_word' id='word_1_98' title='bbox 445 1103 614 1142; x_wconf 88' lang='lat' dir='ltr'><strong>sicunde</strong></span> <span class='ocrx_word' id='word_1_99' title='bbox 628 1109 759 1155; x_wconf 92' lang='lat' dir='ltr'><strong>potes,</strong></span> <span class='ocrx_word' id='word_1_100' title='bbox 774 1117 903 1152; x_wconf 88' lang='lat' dir='ltr'><strong>erues,</strong></span> <span class='ocrx_word' id='word_1_101' title='bbox 919 1107 988 1157; x_wconf 91' lang='lat' dir='ltr'><strong>qui</strong></span> <span class='ocrx_word' id='word_1_102' title='bbox 1003 1105 1148 1144; x_wconf 89' lang='lat' dir='ltr'><strong>decem</strong></span> <span class='ocrx_word' id='word_1_103' title='bbox 1166 1105 1293 1156; x_wconf 89' lang='lat' dir='ltr'><strong>legati</strong></span> <span class='ocrx_word' id='word_1_104' title='bbox 1314 1101 1512 1144; x_wconf 81' lang='lat' dir='ltr'><strong>Mummio</strong></span> 
     </span>
     <span class='ocr_line' id='line_1_15' title="bbox 302 1165 1512 1219; baseline 0.004 -16"><span class='ocrx_word' id='word_1_105' title='bbox 302 1165 466 1205; x_wconf 84' lang='lat' dir='ltr'><strong>fuerint.</strong></span> <span class='ocrx_word' id='word_1_106' title='bbox 526 1165 716 1217; x_wconf 90' lang='lat' dir='ltr'><strong>Polybius</strong></span> <span class='ocrx_word' id='word_1_107' title='bbox 733 1180 815 1205; x_wconf 88' lang='lat' dir='ltr'><strong>non</strong></span> <span class='ocrx_word' id='word_1_108' title='bbox 835 1170 1029 1206; x_wconf 84' lang='lat' dir='ltr'><strong>nominat.</strong></span> <span class='ocrx_word' id='word_1_109' title='bbox 1088 1168 1176 1219; x_wconf 90' lang='lat' dir='ltr'><strong>Ego</strong></span> <span class='ocrx_word' id='word_1_110' title='bbox 1204 1170 1372 1207; x_wconf 89' lang='lat' dir='ltr'><strong>memini</strong></span> <span class='ocrx_word' id='word_1_111' title='bbox 1396 1169 1512 1208; x_wconf 89' lang='lat' dir='ltr'><strong>Albi-</strong></span> 
     </span>
     <span class='ocr_line' id='line_1_16' title="bbox 303 1228 1511 1280; baseline 0.003 -13"><span class='ocrx_word' id='word_1_112' title='bbox 303 1242 401 1267; x_wconf 90' lang='lat' dir='ltr'><strong>num</strong></span> <span class='ocrx_word' id='word_1_113' title='bbox 429 1228 681 1268; x_wconf 86' lang='lat' dir='ltr'><strong>consularem</strong></span> <span class='ocrx_word' id='word_1_114' title='bbox 709 1234 753 1267; x_wconf 91' lang='lat' dir='ltr'><strong>et</strong></span> <span class='ocrx_word' id='word_1_115' title='bbox 781 1229 849 1280; x_wconf 91' lang='lat' dir='ltr'><strong>Sp.</strong></span> <span class='ocrx_word' id='word_1_116' title='bbox 882 1230 1147 1275; x_wconf 84' lang='lat' dir='ltr'><strong>Mummium3</strong></span> <span class='ocrx_word' id='word_1_117' title='bbox 1185 1230 1325 1269; x_wconf 89' lang='lat' dir='ltr'><strong>videor</strong></span> <span class='ocrx_word' id='word_1_118' title='bbox 1351 1230 1511 1271; x_wconf 72' lang='lat' dir='ltr'><strong>audisse</strong></span> 
     </span>
     <span class='ocr_line' id='line_1_17' title="bbox 303 1291 1510 1332; baseline 0.002 -2"><span class='ocrx_word' id='word_1_119' title='bbox 303 1305 354 1330; x_wconf 87' lang='lat' dir='ltr'><strong>ex</strong></span> <span class='ocrx_word' id='word_1_120' title='bbox 393 1292 616 1330; x_wconf 86' lang='lat' dir='ltr'><strong>Hortensio</strong></span> <span class='ocrx_word' id='word_1_121' title='bbox 651 1291 912 1330; x_wconf 76' lang='lat' dir='ltr'><strong>Tuditanum.</strong></span> <span class='ocrx_word' id='word_1_122' title='bbox 972 1292 1053 1331; x_wconf 91' lang='lat' dir='ltr'><strong>Sed</strong></span> <span class='ocrx_word' id='word_1_123' title='bbox 1091 1296 1133 1330; x_wconf 90' lang='lat' dir='ltr'><strong>in</strong></span> <span class='ocrx_word' id='word_1_124' title='bbox 1172 1292 1338 1332; x_wconf 88' lang='lat' dir='ltr'><strong>Libonis</strong></span> <span class='ocrx_word' id='word_1_125' title='bbox 1374 1294 1510 1332; x_wconf 84' lang='lat' dir='ltr'><strong>annali</strong></span> 
     </span>
     <span class='ocr_line' id='line_1_18' title="bbox 304 1354 1510 1408; baseline 0.003 -17"><span class='ocrx_word' id='word_1_126' title='bbox 304 1367 389 1391; x_wconf 78' lang='lat' dir='ltr'><strong>xxm</strong></span> <span class='ocrx_word' id='word_1_127' title='bbox 419 1356 536 1392; x_wconf 89' lang='lat' dir='ltr'><strong>annis</strong></span> <span class='ocrx_word' id='word_1_128' title='bbox 565 1358 659 1405; x_wconf 90' lang='lat' dir='ltr'><strong>post</strong></span> <span class='ocrx_word' id='word_1_129' title='bbox 689 1359 852 1405; x_wconf 86' lang='lat' dir='ltr'><strong>praetor</strong></span> <span class='ocrx_word' id='word_1_130' title='bbox 881 1359 945 1393; x_wconf 87' lang='lat' dir='ltr'><strong>est</strong></span> <span class='ocrx_word' id='word_1_131' title='bbox 975 1354 1105 1393; x_wconf 87' lang='lat' dir='ltr'><strong>factus</strong></span> <span class='ocrx_word' id='word_1_132' title='bbox 1135 1355 1362 1395; x_wconf 84' lang='lat' dir='ltr'><strong>Tuditanus</strong></span> <span class='ocrx_word' id='word_1_133' title='bbox 1389 1369 1510 1408; x_wconf 88' lang='lat' dir='ltr'><strong>quam</strong></span> 
     </span>
     <span class='ocr_line' id='line_1_19' title="bbox 303 1416 1510 1472; baseline 0.004 -18"><span class='ocrx_word' id='word_1_134' title='bbox 303 1416 442 1455; x_wconf 89' lang='lat' dir='ltr'><strong>consul</strong></span> <span class='ocrx_word' id='word_1_135' title='bbox 463 1416 694 1455; x_wconf 91' lang='lat' dir='ltr'><strong>Mummius.</strong></span> <span class='ocrx_word' id='word_1_136' title='bbox 749 1417 840 1455; x_wconf 89' lang='lat' dir='ltr'><strong>Non</strong></span> <span class='ocrx_word' id='word_1_137' title='bbox 861 1430 958 1456; x_wconf 85' lang='lat' dir='ltr'><strong>sane</strong></span> <span class='ocrx_word' id='word_1_138' title='bbox 978 1418 1160 1470; x_wconf 85' lang='lat' dir='ltr'><strong>quadrat.</strong></span> <span class='ocrx_word' id='word_1_139' title='bbox 1213 1418 1316 1456; x_wconf 93' lang='lat' dir='ltr'><strong>Volo</strong></span> <span class='ocrx_word' id='word_1_140' title='bbox 1334 1419 1510 1472; x_wconf 88' lang='lat' dir='ltr'><strong>aliquem</strong></span> 
     </span>
     <span class='ocr_line' id='line_1_20' title="bbox 304 1479 1509 1533; baseline 0.004 -17"><span class='ocrx_word' id='word_1_141' title='bbox 304 1479 518 1531; x_wconf 87' lang='lat' dir='ltr'><strong>Olympiae</strong></span> <span class='ocrx_word' id='word_1_142' title='bbox 555 1484 626 1518; x_wconf 77' lang='lat' dir='ltr'><strong>aut</strong></span> <span class='ocrx_word' id='word_1_143' title='bbox 663 1480 733 1518; x_wconf 89' lang='lat' dir='ltr'><strong>ubi</strong></span> <span class='ocrx_word' id='word_1_144' title='bbox 770 1483 898 1518; x_wconf 92' lang='lat' dir='ltr'><strong>visum</strong></span> <span class='ocrx_word' id='word_1_145' title='bbox 936 1481 1131 1520; x_wconf 83' lang='grc' dir='ltr'>πολιτικὸν</span> <span class='ocrx_word' id='word_1_146' title='bbox 1168 1481 1364 1533; x_wconf 76' lang='grc' dir='ltr'>σύλλογον</span> <span class='ocrx_word' id='word_1_147' title='bbox 1397 1494 1509 1521; x_wconf 84' lang='lat' dir='ltr'><strong>more</strong></span> 
     </span>
     <span class='ocr_line' id='line_1_21' title="bbox 306 1541 870 1589; baseline 0.004 -10"><span class='ocrx_word' id='word_1_148' title='bbox 306 1541 555 1589; x_wconf 86' lang='lat' dir='ltr'><strong>Dicaearchi,</strong></span> <span class='ocrx_word' id='word_1_149' title='bbox 574 1541 778 1580; x_wconf 85' lang='lat' dir='ltr'><strong>familiaris</strong></span> <span class='ocrx_word' id='word_1_150' title='bbox 797 1545 870 1581; x_wconf 88' lang='lat' dir='ltr'><strong>tui.</strong></span> 
     </span>
    </p>
   </div>
   <div class='ocr_carea' id='block_1_6' title="bbox 698 1680 1115 1800">
    <p class='ocr_par' dir='ltr' id='par_1_11' title="bbox 698 1680 1115 1800">
     <span class='ocr_line' id='line_1_22' title="bbox 838 1680 976 1718; baseline 0 0"><span class='ocrx_word' id='word_1_151' title='bbox 838 1680 976 1718; x_wconf 92' lang='lat' dir='ltr'>XXXI</span> 
     </span>
     <span class='ocr_line' id='line_1_23' title="bbox 698 1772 1115 1800; baseline 0.005 -2"><span class='ocrx_word' id='word_1_152' title='bbox 698 1773 838 1799; x_wconf 69' lang='lat' dir='ltr'><strong>cxczno</strong></span> <span class='ocrx_word' id='word_1_153' title='bbox 868 1772 1009 1798; x_wconf 73' lang='lat' dir='ltr'>ATTICO</span> <span class='ocrx_word' id='word_1_154' title='bbox 1037 1773 1115 1800; x_wconf 74' lang='lat' dir='ltr'><strong>SAL.</strong></span> 
     </span>
    </p>
   </div>
   <div class='ocr_carea' id='block_1_7' title="bbox 17 1839 1509 2079">
    <p class='ocr_par' dir='ltr' id='par_1_12' title="bbox 17 1839 1509 2079">
     <span class='ocr_line' id='line_1_24' title="bbox 18 1839 1509 1891; baseline -0.003 -6"><span class='ocrx_word' id='word_1_155' title='bbox 18 1847 98 1885; x_wconf 88' lang='lat' dir='ltr'><strong>Scr.</strong></span> <span class='ocrx_word' id='word_1_156' title='bbox 123 1846 160 1885; x_wconf 81' lang='lat' dir='ltr'><strong>in</strong></span> <span class='ocrx_word' id='word_1_157' title='bbox 189 1846 281 1884; x_wconf 79' lang='lat' dir='ltr'><strong>Tus·</strong></span> <span class='ocrx_word' id='word_1_158' title='bbox 356 1854 380 1880; x_wconf 83' lang='lat' dir='ltr'>v</span> <span class='ocrx_word' id='word_1_159' title='bbox 408 1840 494 1879; x_wconf 88' lang='lat' dir='ltr'><strong>Kal.</strong></span> <span class='ocrx_word' id='word_1_160' title='bbox 515 1853 635 1879; x_wconf 90' lang='lat' dir='ltr'><strong>mane</strong></span> <span class='ocrx_word' id='word_1_161' title='bbox 658 1842 796 1891; x_wconf 87' lang='lat' dir='ltr'><strong>accepi</strong></span> <span class='ocrx_word' id='word_1_162' title='bbox 819 1853 843 1877; x_wconf 84' lang='lat' dir='ltr'><strong>a</strong></span> <span class='ocrx_word' id='word_1_163' title='bbox 867 1839 1024 1878; x_wconf 88' lang='lat' dir='ltr'><strong>Demea</strong></span> <span class='ocrx_word' id='word_1_164' title='bbox 1046 1840 1204 1878; x_wconf 84' lang='lat' dir='ltr'><strong>litteras</strong></span> <span class='ocrx_word' id='word_1_165' title='bbox 1233 1839 1363 1891; x_wconf 83' lang='lat' dir='ltr'><strong>pridie</strong></span> <span class='ocrx_word' id='word_1_166' title='bbox 1381 1840 1509 1891; x_wconf 78' lang='lat' dir='ltr'><strong>datas,</strong></span> 
     </span>
     <span class='ocr_line' id='line_1_25' title="bbox 17 1901 1505 1956; baseline 0.001 -14"><span class='ocrx_word' id='word_1_167' title='bbox 17 1901 149 1940; x_wconf 80' lang='lat' dir='ltr'><strong>culano</strong></span> <span class='ocrx_word' id='word_1_168' title='bbox 161 1902 284 1940; x_wconf 82' lang='lat' dir='ltr'><strong>eodem</strong></span> <span class='ocrx_word' id='word_1_169' title='bbox 303 1918 353 1943; x_wconf 83' lang='lat' dir='ltr'><strong>ex</strong></span> <span class='ocrx_word' id='word_1_170' title='bbox 372 1904 517 1956; x_wconf 91' lang='lat' dir='ltr'><strong>quibus</strong></span> <span class='ocrx_word' id='word_1_171' title='bbox 533 1908 605 1941; x_wconf 86' lang='lat' dir='ltr'><strong>aut</strong></span> <span class='ocrx_word' id='word_1_172' title='bbox 624 1902 746 1941; x_wconf 91' lang='lat' dir='ltr'><strong>hodie</strong></span> <span class='ocrx_word' id='word_1_173' title='bbox 765 1907 836 1940; x_wconf 89' lang='lat' dir='ltr'><strong>aut</strong></span> <span class='ocrx_word' id='word_1_174' title='bbox 855 1915 939 1940; x_wconf 82' lang='lat' dir='ltr'><strong>cras</strong></span> <span class='ocrx_word' id='word_1_175' title='bbox 963 1907 1199 1953; x_wconf 88' lang='lat' dir='ltr'><strong>exspectare</strong></span> <span class='ocrx_word' id='word_1_176' title='bbox 1227 1907 1272 1941; x_wconf 84' lang='lat' dir='ltr'><strong>te</strong></span> <span class='ocrx_word' id='word_1_177' title='bbox 1300 1903 1505 1943; x_wconf 86' lang='lat' dir='ltr'><strong>deberem.</strong></span> 
     </span>
     <span class='ocr_line' id='line_1_26' title="bbox 17 1955 1509 2017; baseline -0.002 -9"><span class='ocrx_word' id='word_1_178' title='bbox 17 1955 78 1994; x_wconf 64' lang='lat' dir='ltr'><strong>die</strong></span> <span class='ocrx_word' id='word_1_179' title='bbox 95 1969 167 2007; x_wconf 62' lang='grc' dir='ltr'><strong>(ΙΨ)</strong></span> <span class='ocrx_word' id='word_1_180' title='bbox 186 1970 242 2007; x_wconf 72' lang='lat' dir='ltr'><strong>eP·</strong></span> <span class='ocrx_word' id='word_1_181' title='bbox 303 1967 399 2014; x_wconf 90' lang='lat' dir='ltr'><strong>Sed,</strong></span> <span class='ocrx_word' id='word_1_182' title='bbox 418 1972 464 2005; x_wconf 90' lang='lat' dir='ltr'><strong>ut</strong></span> <span class='ocrx_word' id='word_1_183' title='bbox 482 1968 637 2017; x_wconf 90' lang='lat' dir='ltr'><strong>opinor,</strong></span> <span class='ocrx_word' id='word_1_184' title='bbox 657 1965 766 2004; x_wconf 89' lang='lat' dir='ltr'><strong>idem</strong></span> <span class='ocrx_word' id='word_1_185' title='bbox 787 1978 878 2016; x_wconf 91' lang='lat' dir='ltr'><strong>ego,</strong></span> <span class='ocrx_word' id='word_1_186' title='bbox 897 1967 967 2017; x_wconf 91' lang='lat' dir='ltr'><strong>qui</strong></span> <span class='ocrx_word' id='word_1_187' title='bbox 993 1970 1187 2016; x_wconf 84' lang='lat' dir='ltr'><strong>exspecto</strong></span> <span class='ocrx_word' id='word_1_188' title='bbox 1214 1970 1332 2004; x_wconf 84' lang='lat' dir='ltr'><strong>tuum</strong></span> <span class='ocrx_word' id='word_1_189' title='bbox 1359 1966 1509 2005; x_wconf 82' lang='lat' dir='ltr'><strong>adven-</strong></span> 
     </span>
     <span class='ocr_line' id='line_1_27' title="bbox 21 2001 1508 2079; baseline -0.001 -10"><span class='ocrx_word' id='word_1_190' title='bbox 21 2001 138 2048; x_wconf 72' lang='lat' dir='ltr'><strong>XXX</strong></span> <span class='ocrx_word' id='word_1_191' title='bbox 154 2009 271 2062; x_wconf 66' lang='lat' dir='ltr'><em>Paulo</em></span> <span class='ocrx_word' id='word_1_192' title='bbox 301 2036 403 2077; x_wconf 91' lang='lat' dir='ltr'><strong>tum,</strong></span> <span class='ocrx_word' id='word_1_193' title='bbox 433 2029 617 2067; x_wconf 88' lang='lat' dir='ltr'><strong>morabor</strong></span> <span class='ocrx_word' id='word_1_194' title='bbox 647 2033 701 2067; x_wconf 85' lang='lat' dir='ltr'><strong>te.</strong></span> <span class='ocrx_word' id='word_1_195' title='bbox 761 2028 854 2066; x_wconf 92' lang='lat' dir='ltr'><strong>Non</strong></span> <span class='ocrx_word' id='word_1_196' title='bbox 885 2030 994 2065; x_wconf 88' lang='lat' dir='ltr'><strong>enim</strong></span> <span class='ocrx_word' id='word_1_197' title='bbox 1024 2032 1125 2079; x_wconf 82' lang='lat' dir='ltr'><strong>puto</strong></span> <span class='ocrx_word' id='word_1_198' title='bbox 1154 2033 1239 2066; x_wconf 90' lang='lat' dir='ltr'><strong>tam</strong></span> <span class='ocrx_word' id='word_1_199' title='bbox 1271 2029 1508 2079; x_wconf 85' lang='lat' dir='ltr'><strong>expeditum</strong></span> 
     </span>
    </p>
   </div>
   <div class='ocr_carea' id='block_1_8' title="bbox 17 2065 1508 2187">
    <p class='ocr_par' dir='ltr' id='par_1_13' title="bbox 17 2065 1508 2187">
     <span class='ocr_line' id='line_1_28' title="bbox 17 2065 1508 2143; baseline 0.006 -20"><span class='ocrx_word' id='word_1_200' title='bbox 17 2069 102 2102; x_wconf 62' lang='lat' dir='ltr'><em>“nte</em></span> <span class='ocrx_word' id='word_1_201' title='bbox 120 2077 154 2102; x_wconf 68' lang='grc' dir='ltr'><strong>α’</strong></span> <span class='ocrx_word' id='word_1_202' title='bbox 181 2065 258 2103; x_wconf 76' lang='lat'><strong>709</strong></span> <span class='ocrx_word' id='word_1_203' title='bbox 305 2092 570 2131; x_wconf 83' lang='lat' dir='ltr'><strong>Faberianum</strong></span> <span class='ocrx_word' id='word_1_204' title='bbox 598 2093 809 2143; x_wconf 82' lang='lat' dir='ltr'><strong>negotium</strong></span> <span class='ocrx_word' id='word_1_205' title='bbox 838 2089 1033 2137; x_wconf 86' lang='lat' dir='ltr'><strong>futurum,</strong></span> <span class='ocrx_word' id='word_1_206' title='bbox 1053 2092 1210 2129; x_wconf 82' lang='lat' dir='ltr'><strong>etiamsi</strong></span> <span class='ocrx_word' id='word_1_207' title='bbox 1230 2095 1294 2129; x_wconf 87' lang='lat' dir='ltr'><strong>est</strong></span> <span class='ocrx_word' id='word_1_208' title='bbox 1311 2090 1508 2143; x_wconf 81' lang='lat' dir='ltr'><strong>futurum,</strong></span> 
     </span>
     <span class='ocr_line' id='line_1_29' title="bbox 308 2149 383 2187; baseline -0.013 0"><span class='ocrx_word' id='word_1_209' title='bbox 308 2149 383 2187; x_wconf 84' lang='lat'><strong>170</strong></span> 
     </span>
    </p>
   </div>
  </div>
 </body>
</html>
