1592 2366
45 840 124 878 Scr.
152 840 189 877 in
218 840 312 878 Tus-

45 894 177 933 culano
195 908 240 932 m.

46 948 169 987 intere.
190 954 285 1001 post.

46 1017 79 1041 a.
106 1005 182 1042 708

566 168 792 208 MARCUS
825 168 1071 208 TULLIUS
1110 169 1312 208 CICERO

329 274 429 312 mihi
457 273 626 312 irridere
656 275 762 312 visus
791 278 856 312 est
885 272 1110 324 “quaeso''
1139 272 1242 312 illud
1269 278 1400 322 tuum,
1427 273 1536 327 quod

330 341 418 374 erat
445 341 490 375 et
518 337 658 378 εὔπινὲς
685 341 730 374 et
757 336 967 375 urbanum.
1027 335 1092 374 Ita
1119 349 1238 387 porro
1265 341 1310 375 te
1334 338 1422 375 sine
1441 349 1537 376 eura

329 411 418 439 esse
454 401 583 447 iussit,
616 403 664 438 ut
694 398 796 437 mihi
832 398 999 450 quidem
1036 398 1336 438 dubitationem
1371 412 1536 440 omnem

327 461 504 500 tolleret.
562 461 744 500 Atticam
769 461 889 499 doleo
912 466 997 499 tam
1020 460 1115 506 diu;
1143 461 1229 508 sed,
1247 463 1534 513 quoniamiam

328 526 415 563 sine
436 524 598 563 horrore
619 530 695 571 est,
715 537 833 575 spero
853 537 954 571 esse,
974 529 1021 562 ut
1039 523 1234 564 volumus.

897 675 978 714 VH

727 769 867 795 CICERO
896 769 1037 795 A'l'r1co
1065 770 1143 796 SAL.

385 837 501 885 Quae
520 837 738 885 desideras,
765 839 901 875 omnia
928 839 1068 888 scripsi
1095 840 1139 876 in
1166 837 1360 877 codicillis
1386 851 1536 891 eosque

334 900 447 938 Eroti
467 900 587 946 dedi3
615 901 805 946 breviter,
824 899 896 938 sed
917 902 1040 938 etiam
1066 900 1192 951 plura,
1217 914 1338 952 quam
1366 903 1535 952 quaeris,

332 965 374 1000 in
394 965 441 1001 iis
459 963 512 1002 de
532 963 749 1008 Cicerone3
778 965 890 1000 cuius
909 962 1075 1014 quidem
1094 965 1351 1014 cogitationis
1374 966 1535 1003 initium

330 1031 376 1064 tu
397 1025 497 1063 mihi
514 1025 701 1064 attulisti.
750 1024 928 1063 Locutus
948 1038 1037 1063 sum
1055 1039 1148 1064 cum
1167 1038 1217 1064 eo
1235 1026 1534 1073 liberalissime;

329 1089 437 1140 quod
467 1101 518 1127 ex
547 1091 635 1140 ipso
662 1088 798 1135 velim,
832 1091 865 1126 si
895 1088 1016 1126 modo
1047 1090 1123 1127 tibi
1156 1092 1235 1128 erit
1266 1089 1534 1138 commodum,

327 1154 543 1190 sciscitere.
601 1150 684 1190 Sed
719 1151 817 1203 quid
855 1151 1027 1190 differo?
1083 1151 1262 1203 Exposui
1299 1157 1343 1191 te
1378 1153 1432 1192 ad
1468 1167 1535 1194 me

328 1214 539 1262 detulisse,
565 1219 610 1253 et
637 1214 735 1266 quid
766 1214 893 1252 vellet
922 1219 966 1253 et
995 1214 1093 1266 quid
1123 1217 1360 1267 requireret.
1418 1217 1535 1257 Velle

330 1278 584 1329 Hispaniam,
612 1279 818 1328 requirere
847 1275 1145 1316 liberalitatem.
1204 1277 1268 1316 De
1291 1277 1535 1325 liberalitate

328 1340 424 1387 dixi,
455 1344 654 1392 quantum
686 1339 895 1386 Publilius,
925 1345 1124 1390 quantum
1156 1339 1303 1379 flamen
1335 1341 1535 1382 Lentulus

329 1402 419 1441 filio.
478 1402 543 1440 De
578 1402 777 1453 Hispania
807 1401 888 1439 duo
917 1402 1053 1449 attuli,
1082 1405 1257 1454 primum
1286 1403 1397 1443 idem
1426 1406 1534 1457 quod

327 1466 416 1513 tibi,
445 1478 512 1503 me
541 1467 672 1503 vereri
702 1465 1055 1515 vituperationem.
1116 1465 1209 1503 Non
1240 1468 1338 1505 satis
1369 1479 1471 1515 esse,
1502 1471 1534 1507 si

328 1528 427 1567 haec
445 1541 556 1566 arma
574 1527 904 1579 reliquissemus?
953 1529 1077 1565 etiam
1097 1529 1324 1566 contraria?
1372 1529 1534 1569 Deinde

326 1591 413 1630 fore
432 1596 480 1630 ut
497 1595 730 1641 angeretur,
751 1603 843 1628 cum
862 1603 886 1627 a
904 1588 1030 1628 fratre
1049 1589 1323 1630 familiaritate
1352 1597 1397 1632 et
1423 1596 1534 1634 omni

326 1656 457 1706 gratia
475 1656 716 1692 vinceretur.
775 1651 935 1690 Vellem
954 1655 1082 1703 magis
1102 1653 1346 1693 liberalitate
1365 1657 1426 1694 uti
1443 1669 1535 1695 mea

326 1730 447 1769 quam
476 1729 548 1754 sua
574 1715 776 1754 libertate.
834 1713 916 1753 Sed
942 1719 1082 1753 tamen
1111 1718 1299 1766 permisi;
1329 1717 1405 1754 tibi
1424 1720 1533 1757 enim

326 1779 609 1819 intellexeram
629 1791 710 1816 non
730 1779 850 1816 nimis
875 1776 1100 1828 displicere.
1161 1777 1248 1829 Ego
1267 1780 1390 1816 etiam
1409 1785 1533 1832 atque

327 1844 450 1880 etiam
479 1841 679 1892 cogitabo,
707 1846 844 1891 teque,
868 1845 914 1878 ut
933 1839 1042 1878 idem
1061 1839 1195 1887 facias,
1214 1853 1322 1892 rogo.
1383 1841 1533 1894 Magna

326 1918 389 1943 res
417 1909 504 1950 est3
536 1903 707 1954 simplex
736 1908 800 1941 est
826 1917 1005 1950 manere,
1034 1902 1135 1940 illud
1162 1915 1322 1955 anceps.
1380 1903 1530 1945 Verum

325 1967 561 2006 videbimus.

365 2058 380 2079 ¹
403 2057 517 2090 There
533 2068 605 2090 was
620 2068 642 2090 a
656 2057 791 2100 danger
805 2057 843 2089 of
864 2056 1020 2089 Atticus'
1037 2055 1120 2089 land
1136 2059 1176 2089 at
1191 2056 1407 2090 Buthrotum
1425 2056 1531 2102 being

324 2100 549 2139 confiscated,
564 2111 602 2133 aa
617 2100 746 2134 Caesar
756 2111 828 2133 was
839 2100 1007 2143 thinking
1021 2099 1059 2133 of
1073 2099 1236 2142 planting
1246 2111 1267 2132 a
1279 2099 1404 2143 colony
1415 2101 1525 2135 there.

330 2150 377 2185 18
