1572 2378
45 730 124 767 Ser.
150 728 187 765 in
222 727 315 764 Tus-

560 155 785 194 MARCUS
823 153 1068 193 TULLIUS
1107 153 1307 193 CICERO

326 257 414 283 esse
445 249 634 295 putarem
677 247 724 281 ut
755 241 921 294 quidem
954 255 1064 280 nunc
1097 246 1173 288 est,
1205 241 1308 280 nihil
1341 254 1438 280 sane
1469 246 1534 280 est

327 311 494 337 necesse
516 300 693 336 mittere.
751 296 833 335 Sed
862 296 903 334 id
932 296 1111 347 quidem,
1140 301 1186 334 ut
1213 297 1290 334 tibi
1317 296 1532 334 videbitur.

329 353 493 391 Mittam
513 357 653 390 tamen
671 350 723 389 ad
742 356 786 389 te
806 351 1039 401 exemplum
1058 350 1227 389 fortasse
1247 350 1442 399 Lanuvio,
1455 352 1534 389 nisi

327 406 435 446 forte
457 406 635 444 Romam.
694 404 776 443 Sed
797 418 883 443 cras
901 408 1014 444 scies.

849 571 1010 610 XXVII

728 659 867 684 eicnno
897 659 1037 684 A'r'rlco
1065 659 1144 686 sAt„

388 724 453 762 De
474 722 649 774 epistula
666 722 717 760 ad
738 723 949 760 Caesarem
970 723 1084 760 nobis
1104 735 1199 760 vero
1218 735 1379 773 semper
1396 725 1536 761 rectis-

46 783 178 821 culano
214 781 317 819 VIII
334 782 433 818 sime
471 779 637 829 placuit,
674 782 723 815 ut
759 779 826 815 isti
862 782 959 814 ante
999 776 1195 828 legerent.
1265 777 1399 815 Aliter
1427 779 1535 816 enim

50 837 97 876 K.
120 837 203 875 Iun.
223 850 259 874 a.

51 892 128 931 709

333 833 547 872 fuissemus
575 837 620 870 et
647 834 690 869 in
717 831 791 869 hos
819 831 1036 878 inofficiosi,
1055 836 1100 869 et
1121 833 1164 868 in
1182 837 1343 870 nosmet
1364 834 1484 882 ipsos,
1504 834 1536 870 si

332 887 448 926 illum
475 887 665 925 offensuri
692 885 855 932 fuimus,
873 898 1003 936 paene
1025 884 1250 936 periculosi.
1309 885 1382 924 Isti
1399 891 1536 924 autem

333 945 512 994 ingenue
527 954 537 987 ;
564 940 745 991 mihique
770 945 945 991 gratum,
964 939 1087 991 quod,
1105 939 1204 991 quid
1222 942 1438 988 sentirent,
1454 953 1537 978 non

333 999 599 1042 reticuerunt,
629 994 729 1032 illud
761 1006 856 1032 vero
887 993 950 1032 vel
987 997 1155 1044 optime,
1185 993 1294 1046 quod
1323 997 1382 1032 ita
1409 993 1538 1033 multa

333 1052 481 1089 mutari
495 1049 650 1096 volunt,
666 1054 713 1087 ut
726 1048 826 1085 mihi
845 1047 897 1086 de
916 1050 1079 1099 integro
1097 1047 1300 1086 scribendi
1319 1061 1439 1086 causa
1455 1061 1538 1087 non

333 1107 398 1144 sit.
465 1103 720 1155 Quamquam
758 1102 811 1141 de
850 1102 1037 1140 Parthico
1074 1102 1183 1140 bello
1219 1101 1317 1154 quid
1353 1107 1537 1154 spectare

332 1159 470 1206 debui,
490 1161 566 1196 nisi
586 1157 695 1209 quod
714 1157 828 1195 illum
849 1156 953 1194 velle
973 1157 1223 1194 arbitrabar?
1279 1155 1401 1204 Quod
1428 1159 1536 1195 enim

332 1213 443 1252 aliud
458 1217 744 1264 argumentum
760 1210 958 1261 epistulae
973 1215 1134 1249 nostrae
1149 1213 1227 1249 nisi
1241 1211 1418 1250 κολακεία
1430 1210 1535 1249 fuit?

335 1268 414 1315 An,
434 1269 468 1305 si
487 1280 548 1314 ea,
572 1279 676 1318 quae
704 1268 857 1316 optima
885 1270 1083 1315 putarem,
1112 1264 1282 1303 suadere
1309 1265 1538 1312 voluissem,

334 1324 463 1360 oratio
480 1321 579 1358 mihi
600 1320 825 1358 defuisset?
873 1319 988 1358 Totis
1006 1321 1132 1369 igitur
1149 1319 1298 1358 litteris
1316 1318 1418 1357 nihil
1437 1331 1538 1370 opus

334 1381 408 1414 est.
459 1375 542 1414 Ubi
561 1377 671 1413 enim
691 1374 893 1426 ἐπίτευγμα
913 1386 1107 1424 magnum
1121 1373 1278 1411 nullum
1294 1372 1380 1412 fieri
1398 1376 1538 1425 possit,

333 1431 551 1481 ἀπότευγμα
580 1428 645 1467 vel
675 1441 758 1466 non
787 1441 981 1478 magnum
1013 1427 1230 1466 molestum
1260 1426 1443 1466 futurum
1473 1430 1536 1474 sit,

334 1483 432 1535 quid
461 1496 562 1534 opus
590 1488 655 1521 est
681 1482 1027 1533 παρακινδυνεύεινῖ
1057 1484 1295 1532 praesertim
1321 1494 1412 1520 cum
1437 1481 1538 1520 illud

335 1540 533 1585 occurrat,
551 1537 679 1583 illum,
699 1549 791 1575 curn
810 1541 932 1574 antea
951 1535 1052 1573 nihil
1077 1538 1318 1587 scripserim,
1337 1538 1538 1574 existima-

334 1598 473 1631 turum
500 1605 566 1630 me
594 1593 672 1629 nisi
699 1595 788 1629 toto
816 1590 924 1628 bello
951 1589 1139 1628 confecto
1166 1590 1267 1628 nihil
1296 1593 1538 1641 scripturum

334 1646 469 1684 fuisse.
528 1645 666 1697 Atque
694 1647 818 1683 etiam
846 1657 1001 1691 vereor,
1029 1657 1081 1682 ne
1108 1649 1227 1694 putet
1245 1657 1311 1682 me
1330 1644 1407 1682 hoc
1426 1646 1538 1696 quasi

335 1701 498 1739 Catonis
522 1700 705 1751 μείλιγμα
726 1711 814 1737 esse
837 1698 1021 1736 voluisse.
1079 1697 1188 1745 Quid
1207 1699 1394 1750 quaeris?
1422 1698 1539 1736 valde

333 1768 400 1793 me
420 1754 669 1806 paenitebat,
689 1766 765 1791 nec
784 1752 884 1790 mihi
904 1755 946 1790 in
966 1752 1041 1790 hac
1060 1753 1225 1804 quidem
1253 1765 1296 1791 re
1325 1754 1538 1805 quicquam

334 1812 463 1859 magis
482 1813 530 1846 ut
548 1807 696 1846 vellem
718 1807 902 1845 accidere
930 1809 1077 1857 potuit,
1107 1819 1226 1858 quam
1255 1806 1364 1858 quod
1393 1807 1540 1858 σπουδὴ

334 1868 472 1901 nostra
499 1875 580 1900 non
609 1867 673 1900 est
700 1861 878 1912 probata.
939 1860 1214 1899 lucidissimus
1233 1863 1358 1899 etiam
1375 1862 1417 1899 in
1436 1860 1539 1908 illos,

335 1920 377 1955 in
397 1920 454 1956 eis
473 1919 516 1954 in
535 1921 754 1967 cognatum
774 1921 901 1953 tuum.

335 2093 365 2133 Q
378 2049 401 2099 ¹·
413 2049 462 2125 Otr
479 2051 503 2066 “
517 2059 614 2082 come
630 2048 707 2081 into
721 2051 864 2081 oontact
880 2045 1004 2080 with.''
1039 2045 1231 2088 C'oqnatum
1245 2045 1354 2079 refers
1369 2052 1408 2079 ω
1421 2055 1541 2090 young

367 2103 428 2125 um
449 2103 499 2125 us.

339 2135 416 2176 162
