1572 2378
562 150 787 188 MARCUS
827 149 1071 189 TULLIUS
1110 150 1311 189 CICERO

330 253 432 292 quae
453 239 602 278 cotidie
622 251 775 285 omnes,
796 251 873 276 nec
894 243 1032 276 tamen
1063 238 1176 276 illum
1204 238 1337 276 locum
1359 242 1535 292 attinge-

331 318 426 352 rem,
448 317 693 356 quemquam
714 309 925 354 praeterea
944 306 1168 354 oportuisse
1188 307 1312 355 tangi,
1335 305 1408 343 sed
1425 318 1536 344 sena-

331 376 418 409 tum
447 372 589 417 vocari,
621 369 816 420 populum
845 369 1058 406 ardentem
1091 368 1226 407 studio
1254 369 1536 410 vehementius

330 438 503 483 incitari,
532 440 663 474 totam
696 437 842 486 suscipi
875 448 961 472 rem
991 434 1204 485 publicam,
1237 436 1437 475 exclamat
1465 442 1537 476 tua

295 516 300 519 ·
332 502 559 540 familiaris:
601 501 729 538 “Hoc
760 514 854 539 vero
884 503 1092 539 neminem
1121 514 1312 552 umquam
1342 502 1534 542 audivi!''

333 568 420 619 Ego
448 570 630 619 repressi.
690 566 772 605 Sed
801 571 846 604 et
871 565 1028 604 Cassius
1052 565 1151 603 mihi
1174 565 1386 604 videbatur
1409 569 1537 607 iturus

331 633 504 686 (etenim
538 632 706 671 Servilia
739 630 1007 682 pollicebatur
1039 643 1082 669 se
1116 635 1355 678 curaturam,
1390 636 1439 671 ut
1468 631 1537 671 illa

332 699 527 738 frumenti
557 700 711 736 curatio
741 697 793 735 de
826 701 990 735 senatus
1018 695 1203 734 consulto
1230 696 1473 750 tolleretur),
1495 704 1538 738 et

334 770 470 803 noster
499 767 581 803 cito
611 763 796 801 deiectus
826 767 890 800 est
919 762 972 800 de
1001 761 1071 799 illo
1100 764 1210 800 inani
1243 775 1430 802 sermone
1458 777 1539 816 quo

336 831 484 868 Romae
497 830 511 855 ¹
532 829 637 867 velle
657 842 745 867 esse
765 828 933 866 dixerat.
993 827 1214 866 Constituit
1232 830 1366 879 igitur,
1388 834 1435 868 ut
1452 829 1538 868 ludi

332 898 502 934 absente
521 909 564 934 se
585 895 730 932 fierent
750 907 822 931 suo
844 896 1020 931 nomine.
1080 893 1278 931 proficisci
1289 899 1428 933 autem
1438 894 1538 934 mihi

311 956 316 964 ”
334 966 374 1000 in
389 963 525 1000 Asiam
538 961 752 999 videbatur
771 960 822 997 ab
836 960 962 997 Antio
982 958 1098 997 velle.
1131 958 1194 997 Ne
1206 958 1346 1006 multa,
1359 959 1461 1006 nihil
1471 973 1538 999 me

335 1031 374 1066 in
397 1027 467 1066 illo
495 1030 643 1065 itinere
663 1020 826 1077 praeter
841 1027 1133 1062 'conscientiam
1155 1036 1287 1062 meam
1305 1025 1535 1065 delectavit.

336 1094 426 1132 Non
447 1095 556 1131 enim
576 1092 655 1130 fuit
677 1091 1027 1136 committendum,
1050 1096 1097 1128 ut
1125 1089 1195 1128 ille
1224 1103 1275 1128 ex
1304 1090 1432 1138 Italia,
1458 1094 1538 1143 pri—

335 1173 501 1212 usquam
538 1172 562 1196 a
599 1171 664 1195 me
701 1163 926 1195 conventus
969 1161 1091 1203 esset,
1127 1155 1368 1194 discederet.
1448 1156 1538 1195 Hoc

332 1226 501 1276 dempto
530 1236 699 1261 munere
728 1225 873 1260 amoris
902 1227 1026 1273 atque
1060 1221 1176 1259 officii
1206 1222 1466 1277 sequebatuq
1493 1227 1539 1262 ut

332 1304 491 1330 mecum
511 1293 619 1340 ipse:

452 1391 476 1410 σε
489 1385 499 1398 C
600 1388 617 1398 ss
643 1384 653 1397 2
677 1387 686 1400 Ι
726 1386 736 1398 Ι
886 1385 896 1398 Ι
943 1384 952 1399 Ι
1104 1387 1121 1396 Α
1302 1385 1312 1398 Ι
1394 1383 1419 1398 ..

500 1390 537 1425 Η
558 1385 641 1436 ὃευρ
671 1385 756 1427 οὸος
774 1402 839 1425 σοι
856 1402 892 1425 τι
912 1385 1062 1424 δυναται
1081 1402 1154 1429 νυν,
1174 1385 1359 1434 θεοπροπε
1370 1402 1383 1430 ,·

337 1485 497 1522 Prorsus
516 1482 756 1520 dissolutum
779 1481 928 1519 offendi
952 1483 1158 1530 navigium
1179 1480 1240 1518 vel
1267 1483 1401 1530 potius
1423 1480 1538 1520 dissi-

333 1555 483 1601 patum.
543 1547 655 1585 Nihil
694 1545 872 1593 consilio,
907 1546 1006 1584 nihil
1042 1549 1211 1593 ratione,
1245 1545 1346 1584 nihil
1383 1546 1535 1585 ordine.

335 1616 491 1666 ltaque,
515 1616 592 1652 etsi
621 1626 674 1651 ne
701 1618 823 1650 antea
851 1611 1016 1662 quidem
1045 1611 1239 1657 dubitavi,
1263 1617 1402 1649 tamen
1429 1623 1538 1651 nunc

333 1695 381 1719 eo
400 1683 533 1718 minus
553 1679 711 1717 evolare
733 1677 827 1715 hinc
847 1677 969 1728 idque
990 1690 1109 1728 quam
1130 1679 1316 1727 primum,

353 1786 376 1803 ‘⁶
389 1780 457 1817 ubi
477 1791 553 1816 nec
572 1777 852 1828 Pelopidarum
872 1776 979 1814 fitcta
999 1789 1132 1827 neque
1152 1775 1300 1814 famam
1318 1775 1518 1815 audiam-’⁵

388 1870 442 1908 Et
462 1869 562 1907 heus
581 1868 650 1906 tu!
681 1880 733 1905 ne
755 1867 860 1905 forte
880 1869 933 1904 sis
952 1868 1122 1910 nescim,
1148 1865 1358 1904 Dolabella
1376 1879 1442 1904 me
1461 1867 1535 1905 sibi

333 1936 484 1987 legavit
511 1947 544 1972 a.
567 1933 605 1971 d.
638 1945 696 1970 nn
722 1932 868 1970 Nonas.
928 1931 976 1969 Id
1004 1930 1103 1969 mihi
1134 1930 1220 1969 heri
1249 1934 1405 1983 vesperi
1432 1944 1535 1970 nun-

638 2071 650 2094 ¹
671 2082 742 2116 quo
760 2071 890 2104 Romae
908 2071 1024 2104 added
1040 2072 1082 2114 by
1104 2070 1250 2113 Tyr-rell.

335 2141 413 2176 324
