1572 2378
577 159 804 198 MARCUS
841 159 1085 199 TULLIUS
1124 160 1324 200 CICERO

344 250 410 284 tus
427 248 674 297 scripsissem
692 246 745 284 ad
767 260 862 286 eum
881 246 971 286 “de
994 250 1148 299 optimo
1170 261 1323 299 genere
1346 249 1547 298 dicendi‚'’

343 324 424 349 non
439 313 559 350 modo
578 313 691 360 mihi,
706 313 778 352 sed
798 317 922 352 etiam
941 316 1016 353 tibi
1037 317 1198 366 scripsit
1215 316 1291 355 sibi
1311 315 1424 364 illud,
1441 317 1549 368 quod

342 377 441 415 mihi
463 377 657 428 placeret,
677 391 758 417 non
782 380 952 430 probari.
1012 379 1148 428 Quare
1170 383 1272 429 sine,
1291 394 1455 432 quaeso,
1473 383 1548 422 sibi

339 455 543 495 quemque
562 444 748 483 scribere.

435 542 595 581 “Suam
614 546 789 596 quoique
808 557 1008 596 sponsam,
1029 545 1130 583 mihi
1150 559 1308 592 meam;
1335 559 1452 585 suum

591 612 766 661 quoique
785 623 974 658 amorem,
996 611 1097 649 mihi
1115 610 1291 649 meum.''

341 709 435 749 Non
452 713 565 750 scite.
617 712 709 750 Hoc
730 715 839 750 enim
859 712 1022 761 Atilius,
1041 718 1164 765 poeta
1182 714 1428 754 durissimus.
1474 715 1547 755 At·

339 789 419 827 que
438 778 595 815 utinam
614 777 736 816 liceat
754 781 821 816 isti
842 781 1065 817 contionari
1081 780 1089 818 Ξ
1135 779 1209 818 Cui
1228 782 1262 818 si
1281 793 1369 819 esse
1388 783 1431 819 in
1445 782 1547 822 urbe

339 847 430 880 tuto
448 841 602 890 licebit,
621 845 799 882 vicimus.
859 844 1018 883 Ducem
1041 847 1150 883 enim
1172 848 1265 883 novi
1294 846 1391 885 belli
1419 847 1546 887 civilis

337 913 409 945 aut
436 920 558 946 nemo
585 914 793 961 sequetur,
814 915 887 949 aut
911 913 939 948 ii
961 916 1197 962 sequentur,
1219 914 1290 964 qui
1317 911 1436 952 facile
1458 915 1544 953 vin-

337 978 490 1012 cantur.

393 1038 522 1078 Venio
557 1039 610 1078 ad
647 1043 823 1079 tertiam.
895 1041 1042 1081 Gratas
1078 1042 1202 1082 fuisse
1238 1057 1350 1083 meas
1385 1044 1544 1085 litteras

338 1104 464 1143 Bruto
482 1110 527 1144 et
546 1105 680 1144 Cassio
700 1107 869 1157 gaude0.
930 1108 1074 1160 Itaque
1094 1111 1142 1147 iis
1166 1112 1364 1160 rescripsi.
1421 1111 1543 1159 Quod

338 1170 520 1209 Hirtium
548 1184 622 1222 per
648 1185 715 1210 me
743 1172 953 1211 meliorem
981 1173 1067 1211 fieri
1097 1174 1251 1222 volunt,
1270 1175 1324 1213 do
1351 1176 1542 1228 equidem

334 1248 512 1286 operam,
532 1242 576 1274 et
602 1236 673 1276 ille
695 1240 849 1288 optime
872 1238 1063 1290 loquitur,
1083 1239 1155 1278 sed
1175 1242 1275 1279 vivit
1301 1240 1542 1295 habitatque

334 1315 427 1340 cum
457 1302 596 1350 Balbo,
626 1306 695 1355 qui
725 1306 825 1342 item
859 1305 965 1343 bene
997 1304 1186 1357 loquitur.
1244 1305 1355 1354 Quid
1387 1307 1538 1356 credas,

333 1367 492 1406 videris.
550 1368 805 1407 Dolabellam
834 1370 951 1408 valde
979 1370 1140 1422 placere
1168 1372 1243 1410 tibi
1271 1372 1412 1419 vide0;
1441 1373 1540 1412 mihi

332 1433 498 1483 quidem
518 1438 696 1486 egregie.
746 1436 847 1474 Cum
870 1436 997 1475 Pansa
1017 1439 1097 1475 vixi
1119 1440 1163 1475 in
1184 1437 1440 1490 Pompeiano.
1498 1439 1540 1479 Is

332 1500 453 1550 plane
471 1501 572 1539 mihi
590 1502 788 1552 probabat
806 1515 850 1541 se
870 1503 976 1541 bene
996 1505 1148 1542 sentire
1163 1508 1207 1542 et
1221 1517 1370 1555 cupere
1383 1517 1536 1556 pacem.

332 1565 501 1604 Causam
520 1579 722 1604 armorum
741 1570 879 1619 quaeri
899 1567 1020 1619 plane
1035 1568 1164 1607 video.
1213 1568 1404 1608 Edictum
1423 1569 1538 1610 Bruti

330 1635 376 1669 et
390 1629 499 1670 Cassi
517 1632 654 1683 probo.
714 1631 835 1680 Quod
854 1636 922 1681 vis,
937 1639 985 1672 ut
1002 1636 1216 1685 suscipiam
1235 1637 1536 1686 cogitationem,

329 1695 524 1747 quidnam
556 1699 644 1736 istis
675 1698 882 1749 agendum
919 1704 1075 1750 putem,
1107 1700 1272 1739 consilia
1308 1705 1538 1753 temporum

330 1767 450 1807 sunt3
478 1775 581 1814 quae
600 1765 644 1801 in
662 1763 779 1802 horas
798 1767 1037 1803 commutari
1056 1765 1179 1804 vides.
1237 1765 1476 1807 Dolabellae
1494 1773 1539 1807 et

330 1829 457 1877 prima
476 1827 545 1866 illa
564 1831 671 1867 actio
690 1835 734 1868 et
753 1829 854 1868 haec
873 1836 1014 1868 contra
1033 1830 1258 1870 Antonium
1278 1834 1415 1870 contio
1437 1833 1536 1872 mihi

329 1892 547 1942 profecisse
584 1895 833 1945 permultum
871 1895 1042 1935 videtur.
1123 1896 1286 1935 Prorsus
1326 1897 1412 1936 ibat
1448 1910 1536 1945 res3

329 1970 439 1996 nunc
467 1964 606 1998 autem
639 1960 823 1999 videmur
855 1961 1032 2000 habituri
1064 1961 1235 2008 ducem;
1268 1963 1377 2014 quod
1410 1977 1536 2004 unum

328 2026 547 2075 municipia
580 2026 756 2078 bonique
789 2026 1035 2066 desiderant.
1093 2027 1257 2079 Epicuri
1284 2032 1536 2069 mentionem

328 2087 425 2126 facis
448 2094 491 2127 et
514 2090 638 2128 audes
663 2090 798 2129 dicere
827 2093 881 2143 μὴ
907 2093 1185 2134 πολιτεύεσθαι.
1243 2093 1334 2132 Non
1355 2098 1399 2132 te
1419 2093 1534 2134 Bruti

329 2146 407 2180 282
