1572 2378
43 431 121 469 Scr.
145 429 184 467 in
214 428 307 466 Tus-

43 485 174 524 culano
191 485 275 523 circ.

47 541 104 578 IX
134 539 179 577 K.
204 539 304 591 Sept.

43 610 76 632 a.
102 596 178 634 709

555 159 784 198 MARCUS
821 158 1072 198 TULLIUS
1107 158 1307 197 CICERO

912 276 947 315 L

722 362 862 387 CICERO
891 361 1031 387 ATTlco
1059 362 1137 387 SAL.

380 422 625 460 Admonitus
644 420 885 473 quibusdam
904 423 985 458 tuis
1004 420 1164 467 litteris,
1184 425 1231 459 ut
1249 420 1301 459 ad
1321 421 1529 460 Caesarem

326 483 530 521 uberiores
548 481 706 520 litteras
724 483 889 519 mittere
909 483 1178 527 instituerem,
1199 494 1290 518 cum
1313 481 1412 519 mihi
1441 480 1532 519 Bal-

327 544 401 581 bus
419 555 550 593 nuper
569 544 611 579 in
632 541 842 579 Lanuvino
860 540 1030 578 dixisset
1057 554 1100 579 se
1129 545 1173 579 et
1201 540 1380 592 Oppium
1408 543 1530 593 scrip-

327 606 424 642 sisse
443 602 495 640 ad
515 602 726 640 Caesarem
745 614 810 638 me
840 599 987 651 legisse
1016 600 1139 638 libros
1166 605 1307 639 contra
1335 600 1532 640 Catonem

325 668 369 702 et
387 661 654 700 vehementer
673 660 874 711 probasse,
894 661 1111 710 conscripsi
1140 659 1193 698 de
1208 662 1268 698 ‘iis
1295 662 1392 710 ipsis
1419 659 1531 699 lib'ris

324 721 540 774 epistulam
570 721 742 767 Caesari,
773 732 876 771 quae
906 718 1137 757 deferretur
1167 719 1218 757 ad
1253 719 1530 767 Dolabellam3

323 782 396 821 sed
416 785 501 820 eius
521 780 754 831 exemplum
773 782 863 817 misi
882 779 933 816 ad
954 779 1132 830 Oppium
1150 784 1194 817 et
1208 778 1392 826 Balbum,
1407 780 1528 832 scrip-

322 845 437 894 sique
456 842 508 880 ad
528 854 610 888 eos,
630 845 677 879 ut
690 846 779 878 tum
802 839 955 877 deferri
983 839 1035 876 ad
1066 839 1319 877 Dolabellam
1341 841 1530 879 iuberent

323 916 433 940 meas
451 901 622 948 litteras,
642 903 675 938 si
694 902 770 951 ipsi
791 899 1024 950 exemplum
1043 899 1293 949 probassent.
1347 899 1412 938 Ita
1429 900 1529 939 mihi

323 965 628 1013 rescripserunt,
643 960 744 997 nihil
764 972 956 1010 umquam
976 972 1019 997 se
1038 958 1186 1008 legisse
1205 959 1362 1007 melius,
1381 963 1530 1011 epistu—

323 1023 483 1074 lamque
503 1034 636 1060 meam
654 1023 860 1059 iusserunt
879 1019 964 1057 dari
985 1019 1235 1058 Dolabellae.

375 1082 583 1120 Vestorius
602 1080 654 1118 ad
674 1093 739 1118 me
758 1081 930 1130 scripsit,
949 1084 996 1117 ut
1014 1079 1197 1116 iuberem
1218 1082 1421 1130 mancipio
1443 1080 1527 1119 dari

321 1156 436 1181 servo
466 1155 538 1179 suo
569 1154 641 1192 pro
671 1153 762 1178 mea
791 1145 906 1191 parte
938 1139 1138 1177 Hetereio
1167 1138 1327 1177 cuidam
1355 1139 1526 1179 fundum

322 1201 601 1248 Brinnianum,
620 1205 666 1238 ut
685 1202 771 1251 ipse
792 1202 830 1237 ei
852 1198 1030 1237 Puteolis
1058 1203 1172 1237 recte
1199 1201 1402 1250 mancipio
1429 1199 1526 1239 dare

321 1267 467 1313 posset.
518 1261 623 1299 Eum
642 1273 816 1306 servum,
830 1261 863 1297 si
882 1259 956 1296 tibi
977 1258 1194 1306 videbitur,
1207 1258 1257 1296 ad
1277 1271 1343 1297 me
1362 1261 1526 1309 mittes;

319 1324 463 1372 opinor
481 1323 591 1358 enim
610 1319 662 1357 ad
680 1324 723 1357 te
743 1321 867 1357 etiam
886 1320 1089 1368 scripsisse
1110 1317 1349 1356 Vestorium.

376 1381 440 1419 De
459 1381 638 1419 adventu
659 1379 837 1416 Caesaris
856 1378 965 1415 idem
981 1377 1088 1429 quod
1107 1390 1131 1414 a
1150 1382 1193 1415 te
1211 1377 1311 1415 mihi
1331 1381 1525 1430 scriptum

320 1447 384 1480 est
419 1442 471 1479 ab
509 1441 644 1491 Oppio
678 1444 721 1477 et
756 1438 890 1476 Balbo.
966 1438 1090 1475 Miror
1122 1443 1165 1475 te
1199 1437 1399 1477 nihildum
1433 1453 1524 1478 cum

318 1501 502 1552 Tigellio.
563 1500 686 1538 Velut
703 1499 780 1537 hoc
800 1501 944 1549 ipsum,
963 1503 1160 1549 quantum
1179 1500 1394 1548 acceperit,
1414 1511 1524 1549 pror-

318 1575 385 1600 sus
406 1574 506 1599 aveo
529 1563 643 1606 scire,
664 1573 741 1597 nec
760 1564 899 1596 tamen
918 1557 1029 1596 flocci
1049 1557 1163 1595 facio.
1222 1557 1406 1605 Quaeris,
1425 1558 1522 1610 quid

288 1612 292 1615 .
318 1624 496 1672 cogitem
515 1620 567 1658 de
586 1620 744 1657 obviam
763 1620 901 1656 itione.
951 1616 1062 1664 Quid
1081 1630 1222 1655 censes
1241 1619 1317 1655 nisi
1337 1617 1522 1656 Alsium?

319 1681 374 1719 Et
410 1681 575 1731 quidem
613 1679 666 1717 ad
709 1678 923 1716 Murenam
965 1677 1017 1715 de
1058 1676 1232 1727 hospitio
1273 1679 1522 1728 scripseram,

318 1741 390 1779 sed
413 1743 555 1790 opinor
582 1752 673 1777 eum
705 1739 833 1776 Matio
861 1737 1099 1788 profectum.
1158 1736 1370 1775 Sallustius
1398 1739 1523 1788 igitur

317 1801 538 1850 urgebitur.

371 1860 529 1910 Scripto
562 1862 641 1896 iam
674 1860 879 1908 superiore
913 1857 1109 1895 versiculo
1148 1857 1247 1894 Eros
1284 1855 1384 1894 mihi
1418 1856 1522 1896 dixit

314 1921 389 1958 sibi
420 1920 634 1957 Murenam
662 1917 941 1955 liberalissime
975 1915 1240 1967 respondisse.
1300 1915 1359 1953 Eo
1395 1917 1520 1966 igitur

314 1985 484 2018 utamur.
532 1979 634 2016 Nam
651 1977 771 2017 Silius
787 1976 953 2015 culcitas
968 1989 1050 2014 non
1066 1975 1201 2014 habet.
1247 1975 1353 2013 Dida
1368 1980 1519 2022 autem,

311 2043 467 2091 opinor,
486 2038 713 2089 hospitibus
732 2042 860 2075 totam
882 2035 1015 2073 villam
1037 2037 1246 2074 concessit.

313 2148 391 2182 210
