1572 2378
575 159 801 198 MARCUS
839 159 1085 199 TULLIUS
1123 161 1324 201 CICERO

345 253 528 298 angunt;
557 251 634 286 etsi
648 254 801 296 tamen,
817 248 1062 301 ubicumque
1077 263 1179 297 sum,
1190 250 1261 289 illa
1271 256 1368 290 sunt
1378 262 1551 291 mecum.

348 318 412 357 De
440 319 610 358 Caesare
638 322 770 358 vicino
797 322 1034 371 scripseram
1059 320 1111 359 ad
1136 325 1193 369 te,
1217 323 1311 373 quia
1336 334 1553 374 cognoram

348 403 398 428 ex
427 393 509 429 tuis
538 390 696 429 litteris.
757 391 862 429 Eum
893 393 1054 432 σύνναον
1090 391 1251 440 Quirini
1287 393 1395 432 malo
1430 406 1551 447 quam

347 460 507 499 Salutis.
560 461 622 499 Tu
642 475 738 500 vero
756 462 952 514 pervulga
972 463 1167 503 Hirtium.
1223 463 1272 502 Id
1291 466 1401 503 enim
1419 466 1551 516 ipsum

347 537 542 583 putaram,
586 533 694 584 quod
741 534 894 581 scribis,
933 539 994 581 ut,
1037 548 1130 573 cum
1175 537 1385 586 ingenium
1433 539 1552 575 amici

346 606 472 641 nostri
501 605 751 654 probaretur,
781 604 957 648 ὑπόθεσις
985 605 1242 658 vituperandi
1271 605 1436 646 Catonis
1465 609 1551 647 irri-

344 675 522 713 deretur.

878 858 1014 897 XLVI

740 951 880 977 CICERO
909 951 1050 977 ATTICO
1079 951 1156 977 sn..

59 1024 137 1063 Sor,
167 1025 327 1063 Asturae
399 1018 581 1064 Vineam,
618 1020 774 1070 opinor,
804 1021 984 1057 animum
1017 1023 1062 1057 et
1094 1019 1277 1058 Lanuvio
1306 1032 1475 1071 pergam
1507 1023 1548 1058 in

62 1078 117 1117 Id·
138 1078 235 1118 Mai·
258 1093 293 1117 a·
345 1089 630 1127 Tusculanum.
691 1090 778 1128 Aut
807 1092 916 1128 enim
945 1089 1046 1128 mihi
1076 1092 1119 1128 in
1148 1095 1394 1142 perpetuum
1421 1090 1550 1130 fundo

63 1134 139 1172 709

347 1161 416 1199 illo
435 1161 655 1199 carendum
684 1166 747 1200 est
775 1160 887 1213 (nam
911 1160 1027 1200 dolor
1044 1161 1155 1200 idem
1172 1163 1370 1210 manebit,
1386 1167 1547 1202 tantum

345 1233 464 1271 modo
483 1231 712 1285 occultius),
730 1238 803 1271 aut
820 1235 970 1280 nesc10,
989 1232 1088 1284 quid
1106 1235 1281 1280 intersit,
1297 1238 1434 1272 utrum
1452 1233 1548 1273 illuc

343 1318 450 1342 nunc
470 1307 630 1343 veniam
648 1318 700 1342 an
720 1304 773 1343 ad
792 1303 935 1343 decem
962 1317 1099 1342 annos.
1160 1304 1305 1356 Neque
1333 1307 1444 1345 enim
1470 1308 1548 1344 ista

341 1379 466 1414 maior
495 1376 730 1423 admonitio,
762 1389 881 1427 quam
913 1377 1059 1427 quibus
1088 1376 1256 1415 adsidue
1287 1377 1476 1416 conficior
1503 1383 1548 1417 et

340 1447 426 1486 dies
455 1453 499 1485 et
527 1452 679 1486 noctes.
740 1446 889 1494 “Quid
918 1446 1081 1498 ergo?”
1111 1450 1284 1499 inquies,
1313 1447 1453 1486 “nihil
1479 1448 1546 1488 lit-

339 1524 451 1557 terae
464 1519 479 1556 ?
494 1519 515 1531 ”
575 1518 624 1556 In
653 1518 728 1556 hac
757 1518 923 1570 quidem
941 1531 986 1557 re
1005 1531 1147 1557 vereor
1165 1532 1218 1556 ne
1239 1522 1362 1557 etiam
1382 1525 1546 1568 contra;

339 1604 431 1628 nam
471 1603 602 1628 essem
638 1589 808 1630 fortasse
845 1590 992 1628 durior.
1054 1590 1229 1629 Exculto
1265 1593 1376 1629 enim
1411 1595 1546 1631 animo

339 1662 437 1700 nihil
460 1667 634 1712 agreste,
653 1660 755 1699 nihil
777 1660 1043 1699 inhumanum
1064 1666 1137 1700 est.

392 1734 451 1771 Tu
487 1735 624 1783 igitur,
657 1737 705 1770 ut
737 1734 943 1783 scripsisti,
978 1744 1055 1770 nee
1087 1731 1130 1770 id
1166 1731 1423 1770 incommodo
1458 1737 1541 1773 tuo.

339 1804 415 1843 Vel
434 1804 554 1842 binae
574 1806 684 1842 enim
703 1808 899 1855 poterunt
922 1802 1097 1843 litterae.
1157 1803 1377 1842 occurram
1406 1806 1544 1853 etiam,

337 1878 370 1915 si
388 1888 556 1914 necesse
577 1877 665 1912 erit.
725 1874 833 1924 Ergo
853 1874 894 1912 id
914 1874 1094 1925 quidem,
1112 1879 1160 1912 ut
1179 1877 1342 1925 poteris.

379 1987 392 2007 ¹
415 1987 447 2018 A
465 1988 582 2018 statue
604 1984 641 2016 of
663 1983 791 2017 Caesar
814 1983 902 2016 with
926 1983 989 2016 the
1010 1983 1221 2026 inscription
1237 1983 1311 2017 Deo
1326 1982 1458 2018 Inm'cto
1471 1983 1542 2018 had
1570 1994 1572 2022 ς

337 2030 423 2062 been
439 2033 507 2072 put
522 2028 680 2071 recently
697 2028 734 2060 in
750 2028 811 2060 the
829 2026 960 2070 temple
979 2026 1019 2060 of
1042 2026 1210 2069 Quirinus
1233 2037 1278 2059 on
1300 2027 1363 2060 the
1382 2027 1542 2067 Quirinal
1570 2034 1572 2039 '

335 2140 388 2186 96
