1572 2378
588 161 814 200 MARCUS
854 162 1098 202 '1‘ULL11JS
1138 164 1340 205 CICERO

352 247 403 284 de
424 253 620 298 tempore.
668 248 936 288 Nummorum
955 256 1153 302 quantum
1171 265 1273 304 opus
1291 255 1384 302 erit,
1403 259 1451 294 ut
1468 267 1557 306 per-

351 318 547 361 mutetur,
565 319 612 352 tu
635 314 799 353 videbis.
848 315 910 354 Ex
930 316 1090 364 Aledio,
1105 318 1213 369 quod
1233 319 1394 367 scribas,
1409 322 1443 358 si
1460 320 1558 372 quid

351 381 568 427 inveneris,
587 381 747 419 scribes.
806 381 862 420 Et
879 395 957 433 ego
977 395 1027 420 ex
1046 385 1127 421 tuis
1147 384 1427 424 animadverto
1444 385 1558 426 litte-

352 447 416 492 ris,
448 450 492 484 et
520 445 705 497 profecto
734 452 780 485 tu
811 460 862 486 ex
893 450 1006 495 meis,
1035 448 1135 487 nihil
1166 449 1317 489 habere
1345 464 1418 490 nos
1447 452 1556 505 quod

350 511 583 559 scribamus,
603 511 747 550 eadem
773 513 937 561 cotidie,
956 527 1060 565 quae
1079 516 1158 552 iam
1178 517 1340 568 iamque
1358 518 1446 568 ipsa
1463 530 1559 557 con-

352 579 448 615 trita
466 582 573 616 sunt.
630 577 785 617 Tamen
813 578 947 618 facere
976 593 1059 618 non
1086 594 1262 632 possum,
1282 585 1380 633 quin
1407 583 1558 624 cotidie

350 643 402 682 ad
420 649 464 682 te
483 647 658 690 mittam,
677 650 725 683 ut
742 650 834 684 tuas
851 648 1057 697 accipiam.
1117 646 1182 686 De
1210 647 1335 687 Bruto
1352 654 1505 699 tamen,
1523 653 1558 690 si

350 709 448 760 quid
486 709 664 748 habebis.
723 709 834 749 Scire
872 714 982 750 enim
1020 715 1099 750 iam
1135 718 1250 764 put0,
1283 715 1353 753 ubi
1389 715 1557 768 I'ansam

350 779 573 826 exspectet.
621 774 677 822 Si,
697 780 744 814 ut
762 776 1014 815 consuetudo
1033 782 1110 825 est,
1129 779 1173 816 in
1191 781 1320 829 prima
1338 783 1559 830 provincia,

349 843 510 878 circiter
556 840 643 879 Kal.
700 841 914 880 adfuturus
951 842 1123 882 videtur.
1181 843 1342 884 Vellem
1378 845 1556 892 tardius;

349 905 466 944 valde
487 909 597 944 enim
617 907 758 945 urbem
777 906 890 959 fugio
908 908 1058 947 multas
1076 909 1130 948 ob
1148 922 1298 949 causas.
1350 910 1496 964 Itaque
1515 911 1558 951 id

349 974 481 1023 ipsum
518 973 674 1021 dubito,
711 986 764 1011 an
801 977 1106 1013 excusationem
1142 975 1318 1027 aliquam
1355 977 1407 1015 ad
1442 977 1556 1017 illum

347 1051 511 1089 parem;
540 1038 648 1090 quod
677 1038 844 1090 quidem
872 1039 991 1078 video
1019 1039 1139 1080 facile
1168 1053 1267 1080 esse.
1325 1041 1408 1081 Sed
1434 1042 1558 1082 habe-

347 1117 438 1142 mus
466 1106 561 1142 satis
589 1107 783 1155 temporis
812 1105 863 1143 ad
893 1105 1166 1156 cogitandum.
1227 1106 1364 1154 Piliae,
1394 1109 1556 1148 Atticae

347 1169 531 1207 salutem.

857 1381 1039 1420 XXVIII

743 1481 883 1507 CICERO
912 1481 1054 1507 A'r'rlco
1083 1482 1162 1509 SAL.

63 1562 140 1600 Ser,
171 1562 332 1599 Asturae
406 1558 469 1596 De
505 1557 604 1597 Silio
639 1557 725 1595 nilo
756 1557 873 1609 plura
905 1560 1075 1608 cognovi
1109 1570 1159 1596 ex
1192 1564 1408 1609 praesente
1440 1559 1554 1599 Sicca

67 1614 124 1653 ΙΧ
147 1615 194 1653 K·
218 1616 310 1667 APT·
349 1637 471 1676 quam
503 1636 554 1662 ex
584 1623 734 1662 litteris
767 1626 864 1661 eius.
922 1622 1147 1674 Scripserat
1179 1626 1289 1661 enim
1320 1624 1551 1676 diligenter.

62 1683 98 1707 a.
124 1671 201 1709 709

350 1689 393 1728 Si
421 1692 547 1741 igitur
574 1695 620 1728 tu
650 1688 765 1727 illum
794 1691 1045 1736 conveneris,
1063 1690 1214 1728 scribes
1233 1689 1286 1728 ad
1304 1703 1384 1738 me,
1402 1694 1436 1729 si
1455 1691 1553 1744 quid

349 1755 564 1794 videbitur.
623 1755 687 1793 De
721 1768 801 1806 quo
833 1759 952 1806 putas
983 1754 1035 1792 ad
1068 1768 1134 1793 me
1166 1758 1331 1794 missum
1367 1769 1470 1804 esse,
1500 1760 1554 1796 sit

348 1824 511 1859 missum
545 1834 690 1868 necne,
720 1823 881 1866 nescio;
921 1820 1076 1859 dictum
1110 1820 1275 1872 quidem
1308 1821 1407 1859 mihi
1441 1827 1553 1863 certe

348 1888 447 1925 nihil
469 1894 541 1925 est.
601 1886 660 1924 Tu
692 1890 829 1936 igitur,
859 1891 905 1924 ut
933 1889 1116 1936 coepisti,
1137 1891 1193 1932 et,
1212 1889 1245 1924 si
1265 1887 1362 1937 quid
1382 1889 1440 1925 ita
1457 1900 1552 1927 con-

348 1953 468 1999 ficies,
498 1952 605 2004 quod
635 1952 825 2003 equidem
854 1965 935 1989 non
965 1953 1135 1989 arbitror
1165 1951 1247 1990 fieri
1279 1965 1407 2003 posse,
1429 1958 1476 1992 ut
1491 1952 1549 1992 illi

346 2019 553 2071 probetur,
573 2017 824 2065 Ciceronem,
839 2020 869 2055 si
887 2018 959 2054 tibi
982 2017 1171 2068 placebit,
1186 2017 1408 2056 adhibebis.
1457 2018 1551 2058 Eius

346 2083 498 2135 aliquid
527 2086 701 2121 interest
726 2082 853 2121 videri
880 2082 987 2121 illius
1010 2096 1127 2122 causa
1147 2083 1332 2132 voluisse,
1355 2097 1445 2122 mea
1463 2086 1550 2136 qui-

347 2143 397 2177 58
