<?xml version="1.0" encoding="UTF-8"?>
<!DOCTYPE html PUBLIC "-//W3C//DTD XHTML 1.0 Transitional//EN"
    "http://www.w3.org/TR/xhtml1/DTD/xhtml1-transitional.dtd">
<html xmlns="http://www.w3.org/1999/xhtml" xml:lang="en" lang="en">
 <head>
  <title>
</title>
<meta http-equiv="Content-Type" content="text/html;charset=utf-8" />
  <meta name='ocr-system' content='tesseract 3.04.00' />
  <meta name='ocr-capabilities' content='ocr_page ocr_carea ocr_par ocr_line ocrx_word'/>
</head>
<body>
  <div class='ocr_page' id='page_1' title='image "./letterstoatticuswins03ciceuoft/letterstoatticuswins03ciceuoft_0422.png"; bbox 0 0 1572 2378; ppageno 0'>
   <div class='ocr_carea' id='block_1_1' title="bbox 571 177 1320 217">
    <p class='ocr_par' dir='ltr' id='par_1_1' title="bbox 571 177 1320 217">
     <span class='ocr_line' id='line_1_1' title="bbox 571 177 1320 217; baseline 0.003 -2"><span class='ocrx_word' id='word_1_1' title='bbox 571 178 654 215; x_wconf 88' lang='lat' dir='ltr'>MA</span> <span class='ocrx_word' id='word_1_2' title='bbox 663 178 798 217; x_wconf 87' lang='lat' dir='ltr'>RCUS</span> <span class='ocrx_word' id='word_1_3' title='bbox 835 177 1080 217; x_wconf 76' lang='lat' dir='ltr'>TULLIUS</span> <span class='ocrx_word' id='word_1_4' title='bbox 1120 177 1320 217; x_wconf 89' lang='lat' dir='ltr'>CICERO</span> 
     </span>
    </p>
   </div>
   <div class='ocr_carea' id='block_1_2' title="bbox 339 266 1572 1563">
    <p class='ocr_par' dir='ltr' id='par_1_2' title="bbox 339 266 1572 1563">
     <span class='ocr_line' id='line_1_2' title="bbox 344 266 1572 319; baseline -0.004 -12"><span class='ocrx_word' id='word_1_5' title='bbox 344 268 414 307; x_wconf 86' lang='grc' dir='ltr'>δων</span> <span class='ocrx_word' id='word_1_6' title='bbox 426 266 449 281; x_wconf 85' lang='grc'>”</span> <span class='ocrx_word' id='word_1_7' title='bbox 465 270 552 306; x_wconf 88' lang='lat' dir='ltr'>sine</span> <span class='ocrx_word' id='word_1_8' title='bbox 570 269 708 319; x_wconf 79' lang='grc' dir='ltr'>φαλλῷ</span> <span class='ocrx_word' id='word_1_9' title='bbox 728 266 936 304; x_wconf 85' lang='lat' dir='ltr'>Luciliano</span> <span class='ocrx_word' id='word_1_10' title='bbox 953 279 1046 304; x_wconf 90' lang='lat' dir='ltr'>eum</span> <span class='ocrx_word' id='word_1_11' title='bbox 1062 279 1111 304; x_wconf 89' lang='lat' dir='ltr'>ex</span> <span class='ocrx_word' id='word_1_12' title='bbox 1128 266 1169 304; x_wconf 93' lang='lat' dir='ltr'>C.</span> <span class='ocrx_word' id='word_1_13' title='bbox 1188 266 1287 304; x_wconf 87' lang='lat' dir='ltr'>Fadi</span> <span class='ocrx_word' id='word_1_14' title='bbox 1306 266 1386 304; x_wconf 82' lang='lat' dir='ltr'>filia</span> <span class='ocrx_word' id='word_1_15' title='bbox 1400 266 1547 307; x_wconf 84' lang='lat' dir='ltr'>liberos</span> <span class='ocrx_word' id='word_1_16' title='bbox 1571 299 1572 302; x_wconf 75' lang='grc'>,</span> 
     </span>
     <span class='ocr_line' id='line_1_3' title="bbox 345 331 1572 383; baseline 0.002 -13"><span class='ocrx_word' id='word_1_17' title='bbox 345 333 541 371; x_wconf 89' lang='lat' dir='ltr'>habuisse.</span> <span class='ocrx_word' id='word_1_18' title='bbox 591 332 729 383; x_wconf 87' lang='lat' dir='ltr'><strong>Atque</strong></span> <span class='ocrx_word' id='word_1_19' title='bbox 751 334 907 369; x_wconf 77' lang='lat' dir='ltr'>utinam</span> <span class='ocrx_word' id='word_1_20' title='bbox 927 345 1019 369; x_wconf 91' lang='lat' dir='ltr'>eum</span> <span class='ocrx_word' id='word_1_21' title='bbox 1040 331 1150 370; x_wconf 90' lang='lat' dir='ltr'>diem</span> <span class='ocrx_word' id='word_1_22' title='bbox 1169 331 1340 379; x_wconf 82' lang='lat' dir='ltr'>videam,</span> <span class='ocrx_word' id='word_1_23' title='bbox 1361 345 1454 371; x_wconf 88' lang='lat' dir='ltr'>cum</span> <span class='ocrx_word' id='word_1_24' title='bbox 1470 334 1548 372; x_wconf 78' lang='lat' dir='ltr'>ista</span> <span class='ocrx_word' id='word_1_25' title='bbox 1570 343 1572 345; x_wconf 84' lang='grc'><em>“</em></span> 
     </span>
     <span class='ocr_line' id='line_1_4' title="bbox 343 397 1547 448; baseline 0.001 -12"><span class='ocrx_word' id='word_1_26' title='bbox 343 401 470 436; x_wconf 85' lang='lat' dir='ltr'>oratio</span> <span class='ocrx_word' id='word_1_27' title='bbox 497 400 555 436; x_wconf 83' lang='lat' dir='ltr'>ita</span> <span class='ocrx_word' id='word_1_28' title='bbox 581 397 709 435; x_wconf 89' lang='lat' dir='ltr'>libere</span> <span class='ocrx_word' id='word_1_29' title='bbox 728 402 911 448; x_wconf 82' lang='lat' dir='ltr'>vagetur,</span> <span class='ocrx_word' id='word_1_30' title='bbox 932 402 978 435; x_wconf 82' lang='lat' dir='ltr'>ut</span> <span class='ocrx_word' id='word_1_31' title='bbox 1006 400 1131 435; x_wconf 80' lang='lat' dir='ltr'>etiam</span> <span class='ocrx_word' id='word_1_32' title='bbox 1157 399 1201 435; x_wconf 90' lang='lat' dir='ltr'>in</span> <span class='ocrx_word' id='word_1_33' title='bbox 1227 397 1365 436; x_wconf 84' lang='lat' dir='ltr'>Siccae</span> <span class='ocrx_word' id='word_1_34' title='bbox 1384 397 1547 437; x_wconf 85' lang='lat' dir='ltr'>domum</span> 
     </span>
     <span class='ocr_line' id='line_1_5' title="bbox 343 462 1549 513; baseline 0.002 -12"><span class='ocrx_word' id='word_1_35' title='bbox 343 464 542 502; x_wconf 81' lang='lat' dir='ltr'>introeat!</span> <span class='ocrx_word' id='word_1_36' title='bbox 589 463 671 501; x_wconf 92' lang='lat' dir='ltr'>Sed</span> <span class='ocrx_word' id='word_1_37' title='bbox 693 462 798 500; x_wconf 91' lang='lat' dir='ltr'>“illo</span> <span class='ocrx_word' id='word_1_38' title='bbox 817 468 1002 513; x_wconf 81' lang='lat' dir='ltr'>tempore</span> <span class='ocrx_word' id='word_1_39' title='bbox 1022 475 1122 513; x_wconf 91' lang='lat' dir='ltr'>opus</span> <span class='ocrx_word' id='word_1_40' title='bbox 1142 467 1218 509; x_wconf 82' lang='lat' dir='ltr'>est,</span> <span class='ocrx_word' id='word_1_41' title='bbox 1237 462 1347 513; x_wconf 88' lang='lat' dir='ltr'>quod</span> <span class='ocrx_word' id='word_1_42' title='bbox 1369 462 1449 502; x_wconf 78' lang='lat' dir='ltr'>fuit</span> <span class='ocrx_word' id='word_1_43' title='bbox 1469 462 1549 504; x_wconf 69' lang='lat' dir='ltr'>illis</span> 
     </span>
     <span class='ocr_line' id='line_1_6' title="bbox 344 526 1549 580; baseline 0.002 -13"><span class='ocrx_word' id='word_1_44' title='bbox 344 542 386 567; x_wconf 90' lang='lat'>111</span> <span class='ocrx_word' id='word_1_45' title='bbox 406 529 537 567; x_wconf 88' lang='lat' dir='ltr'>viris.’&#39;</span> <span class='ocrx_word' id='word_1_46' title='bbox 599 528 760 575; x_wconf 87' lang='lat' dir='ltr'>Moriar,</span> <span class='ocrx_word' id='word_1_47' title='bbox 781 530 858 566; x_wconf 90' lang='lat' dir='ltr'>nisi</span> <span class='ocrx_word' id='word_1_48' title='bbox 881 527 1038 566; x_wconf 75' lang='lat' dir='ltr'>facete!</span> <span class='ocrx_word' id='word_1_49' title='bbox 1095 528 1156 566; x_wconf 93' lang='lat' dir='ltr'>Tu</span> <span class='ocrx_word' id='word_1_50' title='bbox 1178 541 1272 567; x_wconf 86' lang='lat' dir='ltr'>vero</span> <span class='ocrx_word' id='word_1_51' title='bbox 1290 527 1404 580; x_wconf 87' lang='lat' dir='ltr'>leges</span> <span class='ocrx_word' id='word_1_52' title='bbox 1421 526 1549 569; x_wconf 54' lang='lat' dir='ltr'>Sexvo</span> 
     </span>
     <span class='ocr_line' id='line_1_7' title="bbox 343 593 1545 647; baseline 0.002 -14"><span class='ocrx_word' id='word_1_53' title='bbox 343 597 509 646; x_wconf 88' lang='lat' dir='ltr'>eiusque</span> <span class='ocrx_word' id='word_1_54' title='bbox 529 594 722 632; x_wconf 86' lang='lat' dir='ltr'>iudicium</span> <span class='ocrx_word' id='word_1_55' title='bbox 741 593 841 631; x_wconf 86' lang='lat' dir='ltr'>mihi</span> <span class='ocrx_word' id='word_1_56' title='bbox 860 594 1095 644; x_wconf 86' lang='lat' dir='ltr'>perscribes.</span> <span class='ocrx_word' id='word_1_57' title='bbox 1154 598 1180 615; x_wconf 91' lang='lat'><em>“</em></span> <span class='ocrx_word' id='word_1_58' title='bbox 1190 593 1258 636; x_wconf 87' lang='grc' dir='ltr'>Εἷς</span> <span class='ocrx_word' id='word_1_59' title='bbox 1281 595 1364 646; x_wconf 77' lang='grc' dir='ltr'>ἐμοὶ</span> <span class='ocrx_word' id='word_1_60' title='bbox 1383 594 1545 647; x_wconf 73' lang='grc' dir='ltr'>μύριοι.”</span> 
     </span>
     <span class='ocr_line' id='line_1_8' title="bbox 344 655 1524 698; baseline 0 0"><span class='ocrx_word' id='word_1_61' title='bbox 344 659 483 698; x_wconf 79' lang='lat' dir='ltr'>Caleni</span> <span class='ocrx_word' id='word_1_62' title='bbox 501 661 779 697; x_wconf 80' lang='lat' dir='ltr'>interventum</span> <span class='ocrx_word' id='word_1_63' title='bbox 799 664 843 697; x_wconf 81' lang='lat' dir='ltr'>et</span> <span class='ocrx_word' id='word_1_64' title='bbox 863 658 1062 697; x_wconf 86' lang='lat' dir='ltr'>Calvenae</span> <span class='ocrx_word' id='word_1_65' title='bbox 1082 659 1252 698; x_wconf 85' lang='lat' dir='ltr'>cavebis.</span> <span class='ocrx_word' id='word_1_66' title='bbox 1520 655 1524 659; x_wconf 30' lang='lat'>⁸</span> 
     </span>
     <span class='ocr_line' id='line_1_9' title="bbox 395 722 1571 777; baseline 0.004 -15"><span class='ocrx_word' id='word_1_67' title='bbox 395 724 518 773; x_wconf 84' lang='lat' dir='ltr'>Quod</span> <span class='ocrx_word' id='word_1_68' title='bbox 547 727 708 771; x_wconf 91' lang='lat' dir='ltr'>vereris,</span> <span class='ocrx_word' id='word_1_69' title='bbox 736 737 790 763; x_wconf 89' lang='lat' dir='ltr'>ne</span> <span class='ocrx_word' id='word_1_70' title='bbox 819 724 1030 777; x_wconf 84' lang='grc' dir='ltr'>ἀδόλεσχος</span> <span class='ocrx_word' id='word_1_71' title='bbox 1057 724 1156 762; x_wconf 88' lang='lat' dir='ltr'>mihi</span> <span class='ocrx_word' id='word_1_72' title='bbox 1185 730 1244 772; x_wconf 84' lang='lat' dir='ltr'>tu,</span> <span class='ocrx_word' id='word_1_73' title='bbox 1269 728 1358 777; x_wconf 91' lang='lat' dir='ltr'>quis</span> <span class='ocrx_word' id='word_1_74' title='bbox 1387 722 1571 770; x_wconf 55' lang='lat' dir='ltr'>minus?</span> 
     </span>
     <span class='ocr_line' id='line_1_10' title="bbox 343 790 1548 843; baseline 0.002 -14"><span class='ocrx_word' id='word_1_75' title='bbox 343 792 430 838; x_wconf 89' lang='lat' dir='ltr'>Cui,</span> <span class='ocrx_word' id='word_1_76' title='bbox 458 796 506 829; x_wconf 78' lang='lat' dir='ltr'>ut</span> <span class='ocrx_word' id='word_1_77' title='bbox 534 790 798 841; x_wconf 80' lang='lat' dir='ltr'><strong>Aristophani</strong></span> <span class='ocrx_word' id='word_1_78' title='bbox 826 790 1060 828; x_wconf 89' lang='lat' dir='ltr'><strong>Archilochi</strong></span> <span class='ocrx_word' id='word_1_79' title='bbox 1091 791 1260 838; x_wconf 86' lang='lat' dir='ltr'>iambus,</span> <span class='ocrx_word' id='word_1_80' title='bbox 1289 794 1346 830; x_wconf 89' lang='lat' dir='ltr'>sic</span> <span class='ocrx_word' id='word_1_81' title='bbox 1375 791 1548 843; x_wconf 65' lang='lat' dir='ltr'>epistuli</span> 
     </span>
     <span class='ocr_line' id='line_1_11' title="bbox 342 856 1547 907; baseline 0.002 -12"><span class='ocrx_word' id='word_1_82' title='bbox 342 863 413 895; x_wconf 77' lang='lat' dir='ltr'>tua</span> <span class='ocrx_word' id='word_1_83' title='bbox 441 856 675 906; x_wconf 81' lang='lat' dir='ltr'>longissima</span> <span class='ocrx_word' id='word_1_84' title='bbox 705 869 890 907; x_wconf 82' lang='lat' dir='ltr'>quaeque</span> <span class='ocrx_word' id='word_1_85' title='bbox 920 859 1073 907; x_wconf 78' lang='lat' dir='ltr'>optima</span> <span class='ocrx_word' id='word_1_86' title='bbox 1104 856 1274 895; x_wconf 84' lang='lat' dir='ltr'>videtur.</span> <span class='ocrx_word' id='word_1_87' title='bbox 1333 857 1455 905; x_wconf 83' lang='lat' dir='ltr'>Quod</span> <span class='ocrx_word' id='word_1_88' title='bbox 1475 863 1547 898; x_wconf 82' lang='lat' dir='ltr'>&#39;me</span> 
     </span>
     <span class='ocr_line' id='line_1_12' title="bbox 341 916 1549 972; baseline 0.002 -12"><span class='ocrx_word' id='word_1_89' title='bbox 341 922 547 967; x_wconf 87' lang='lat' dir='ltr'>admones,</span> <span class='ocrx_word' id='word_1_90' title='bbox 582 927 627 959; x_wconf 82' lang='lat' dir='ltr'>tu</span> <span class='ocrx_word' id='word_1_91' title='bbox 665 934 760 959; x_wconf 91' lang='lat' dir='ltr'>vero</span> <span class='ocrx_word' id='word_1_92' title='bbox 798 924 957 959; x_wconf 82' lang='lat' dir='ltr'>etiamsi</span> <span class='ocrx_word' id='word_1_93' title='bbox 995 921 1275 972; x_wconf 86' lang='lat' dir='ltr'>reprenderes,</span> <span class='ocrx_word' id='word_1_94' title='bbox 1308 935 1392 961; x_wconf 91' lang='lat' dir='ltr'>non</span> <span class='ocrx_word' id='word_1_95' title='bbox 1428 916 1549 963; x_wconf 75' lang='lat' dir='ltr'>modo</span> 
     </span>
     <span class='ocr_line' id='line_1_13' title="bbox 342 986 1548 1043; baseline 0.002 -17"><span class='ocrx_word' id='word_1_96' title='bbox 342 987 459 1026; x_wconf 87' lang='lat' dir='ltr'>facile</span> <span class='ocrx_word' id='word_1_97' title='bbox 478 993 654 1039; x_wconf 79' lang='lat' dir='ltr'>paterer,</span> <span class='ocrx_word' id='word_1_98' title='bbox 673 986 746 1025; x_wconf 88' lang='lat' dir='ltr'>sed</span> <span class='ocrx_word' id='word_1_99' title='bbox 766 990 890 1025; x_wconf 84' lang='lat' dir='ltr'>etiam</span> <span class='ocrx_word' id='word_1_100' title='bbox 910 987 1095 1034; x_wconf 81' lang='lat' dir='ltr'>laetarer,</span> <span class='ocrx_word' id='word_1_101' title='bbox 1116 989 1267 1039; x_wconf 87' lang='lat' dir='ltr'>quippe</span> <span class='ocrx_word' id='word_1_102' title='bbox 1295 1001 1387 1027; x_wconf 89' lang='lat' dir='ltr'>cum</span> <span class='ocrx_word' id='word_1_103' title='bbox 1415 991 1460 1029; x_wconf 89' lang='lat' dir='ltr'>in</span> <span class='ocrx_word' id='word_1_104' title='bbox 1485 1001 1548 1043; x_wconf 68' lang='lat' dir='ltr'>re-</span> 
     </span>
     <span class='ocr_line' id='line_1_14' title="bbox 342 1052 1550 1104; baseline 0.001 -12"><span class='ocrx_word' id='word_1_105' title='bbox 342 1056 557 1104; x_wconf 88' lang='lat' dir='ltr'>prensione</span> <span class='ocrx_word' id='word_1_106' title='bbox 577 1055 629 1091; x_wconf 82' lang='lat' dir='ltr'>sit</span> <span class='ocrx_word' id='word_1_107' title='bbox 648 1052 866 1103; x_wconf 84' lang='lat' dir='ltr'>prudentia</span> <span class='ocrx_word' id='word_1_108' title='bbox 885 1066 976 1090; x_wconf 89' lang='lat' dir='ltr'>cum</span> <span class='ocrx_word' id='word_1_109' title='bbox 997 1054 1171 1104; x_wconf 79' lang='grc' dir='ltr'>εὐμενείᾳ.</span> <span class='ocrx_word' id='word_1_110' title='bbox 1223 1053 1286 1092; x_wconf 77' lang='lat' dir='ltr'>[ta</span> <span class='ocrx_word' id='word_1_111' title='bbox 1305 1053 1483 1094; x_wconf 80' lang='lat' dir='ltr'>libenter</span> <span class='ocrx_word' id='word_1_112' title='bbox 1501 1067 1550 1098; x_wconf 73' lang='lat' dir='ltr'>ea</span> 
     </span>
     <span class='ocr_line' id='line_1_15' title="bbox 341 1118 1572 1169; baseline 0.003 -13"><span class='ocrx_word' id='word_1_113' title='bbox 341 1121 550 1169; x_wconf 82' lang='lat' dir='ltr'>corrigam,</span> <span class='ocrx_word' id='word_1_114' title='bbox 573 1131 677 1169; x_wconf 90' lang='lat' dir='ltr'>quae</span> <span class='ocrx_word' id='word_1_115' title='bbox 700 1131 723 1155; x_wconf 82' lang='lat' dir='ltr'>a</span> <span class='ocrx_word' id='word_1_116' title='bbox 745 1123 788 1156; x_wconf 82' lang='lat' dir='ltr'>te</span> <span class='ocrx_word' id='word_1_117' title='bbox 813 1118 1092 1157; x_wconf 80' lang='lat' dir='ltr'>animadversa</span> <span class='ocrx_word' id='word_1_118' title='bbox 1120 1123 1227 1165; x_wconf 79' lang='lat' dir='ltr'>sunt,</span> <span class='ocrx_word' id='word_1_119' title='bbox 1249 1119 1432 1158; x_wconf 88' lang='lat' dir='ltr'>“eodem</span> <span class='ocrx_word' id='word_1_120' title='bbox 1455 1122 1547 1160; x_wconf 75' lang='lat' dir='ltr'>iure</span> <span class='ocrx_word' id='word_1_121' title='bbox 1568 1132 1572 1154; x_wconf 75' lang='grc'>’-</span> 
     </span>
     <span class='ocr_line' id='line_1_16' title="bbox 341 1175 1572 1241; baseline -0.003 -19"><span class='ocrx_word' id='word_1_122' title='bbox 341 1197 421 1235; x_wconf 92' lang='lat' dir='ltr'>quo</span> <span class='ocrx_word' id='word_1_123' title='bbox 452 1183 686 1222; x_wconf 84' lang='lat' dir='ltr'>Rubriana&#39;&#39;</span> <span class='ocrx_word' id='word_1_124' title='bbox 707 1186 841 1234; x_wconf 80' lang='lat' dir='ltr'>potius</span> <span class='ocrx_word' id='word_1_125' title='bbox 870 1197 991 1235; x_wconf 83' lang='lat' dir='ltr'>quam</span> <span class='ocrx_word' id='word_1_126' title='bbox 1009 1187 1128 1235; x_wconf 91' lang='lat' dir='ltr'>“quo</span> <span class='ocrx_word' id='word_1_127' title='bbox 1157 1183 1392 1235; x_wconf 83' lang='lat' dir='ltr'>Scipionis,”</span> <span class='ocrx_word' id='word_1_128' title='bbox 1423 1175 1572 1241; x_wconf 35' lang='lat' dir='ltr'>et’dess</span> 
     </span>
     <span class='ocr_line' id='line_1_17' title="bbox 341 1248 1572 1291; baseline 0 -4"><span class='ocrx_word' id='word_1_129' title='bbox 341 1249 526 1287; x_wconf 87' lang='lat' dir='ltr'>laudibus</span> <span class='ocrx_word' id='word_1_130' title='bbox 546 1248 783 1286; x_wconf 84' lang='lat' dir='ltr'>Dolabellae</span> <span class='ocrx_word' id='word_1_131' title='bbox 799 1248 967 1286; x_wconf 88' lang='lat' dir='ltr'>deruam</span> <span class='ocrx_word' id='word_1_132' title='bbox 982 1248 1200 1287; x_wconf 89' lang='lat' dir='ltr'>cumulum.</span> <span class='ocrx_word' id='word_1_133' title='bbox 1251 1249 1310 1286; x_wconf 88' lang='lat' dir='ltr'>Ac</span> <span class='ocrx_word' id='word_1_134' title='bbox 1329 1255 1470 1289; x_wconf 83' lang='lat' dir='ltr'>tamen</span> <span class='ocrx_word' id='word_1_135' title='bbox 1485 1254 1551 1291; x_wconf 71' lang='lat' dir='ltr'>est</span> <span class='ocrx_word' id='word_1_136' title='bbox 1568 1250 1572 1287; x_wconf 75' lang='grc' dir='ltr'>ἔ</span> 
     </span>
     <span class='ocr_line' id='line_1_18' title="bbox 341 1314 1549 1366; baseline 0.002 -13"><span class='ocrx_word' id='word_1_137' title='bbox 341 1318 418 1353; x_wconf 82' lang='lat' dir='ltr'>isto</span> <span class='ocrx_word' id='word_1_138' title='bbox 436 1315 524 1352; x_wconf 88' lang='lat' dir='ltr'>loco</span> <span class='ocrx_word' id='word_1_139' title='bbox 544 1314 663 1361; x_wconf 88' lang='lat' dir='ltr'>bella,</span> <span class='ocrx_word' id='word_1_140' title='bbox 678 1319 724 1352; x_wconf 83' lang='lat' dir='ltr'>ut</span> <span class='ocrx_word' id='word_1_141' title='bbox 743 1314 842 1351; x_wconf 88' lang='lat' dir='ltr'>mihi</span> <span class='ocrx_word' id='word_1_142' title='bbox 859 1314 1034 1361; x_wconf 86' lang='lat' dir='ltr'>videtur,</span> <span class='ocrx_word' id='word_1_143' title='bbox 1055 1315 1227 1365; x_wconf 77' lang='grc' dir='ltr'>εἰρωνεία,</span> <span class='ocrx_word' id='word_1_144' title='bbox 1241 1315 1350 1366; x_wconf 93' lang='lat' dir='ltr'>quod</span> <span class='ocrx_word' id='word_1_145' title='bbox 1370 1328 1464 1354; x_wconf 89' lang='lat' dir='ltr'>eum</span> <span class='ocrx_word' id='word_1_146' title='bbox 1482 1321 1549 1356; x_wconf 84' lang='lat' dir='ltr'>ter</span> 
     </span>
     <span class='ocr_line' id='line_1_19' title="bbox 340 1378 1546 1432; baseline 0.002 -14"><span class='ocrx_word' id='word_1_147' title='bbox 340 1385 482 1418; x_wconf 80' lang='lat' dir='ltr'>contra</span> <span class='ocrx_word' id='word_1_148' title='bbox 499 1382 606 1417; x_wconf 90' lang='lat' dir='ltr'>cives</span> <span class='ocrx_word' id='word_1_149' title='bbox 626 1382 667 1416; x_wconf 90' lang='lat' dir='ltr'>in</span> <span class='ocrx_word' id='word_1_150' title='bbox 686 1381 783 1417; x_wconf 90' lang='lat' dir='ltr'>acie.</span> <span class='ocrx_word' id='word_1_151' title='bbox 845 1378 952 1416; x_wconf 88' lang='lat' dir='ltr'>lllud</span> <span class='ocrx_word' id='word_1_152' title='bbox 973 1382 1096 1417; x_wconf 84' lang='lat' dir='ltr'>etiam</span> <span class='ocrx_word' id='word_1_153' title='bbox 1119 1379 1250 1417; x_wconf 81' lang='lat' dir='ltr'>malo:</span> <span class='ocrx_word' id='word_1_154' title='bbox 1279 1384 1304 1402; x_wconf 91' lang='lat'><em>“</em></span> <span class='ocrx_word' id='word_1_155' title='bbox 1317 1380 1546 1432; x_wconf 82' lang='lat' dir='ltr'>indignissi-</span> 
     </span>
     <span class='ocr_line' id='line_1_20' title="bbox 339 1443 1572 1497; baseline 0.002 -14"><span class='ocrx_word' id='word_1_156' title='bbox 339 1458 451 1483; x_wconf 90' lang='lat' dir='ltr'>mum</span> <span class='ocrx_word' id='word_1_157' title='bbox 488 1450 551 1483; x_wconf 80' lang='lat' dir='ltr'>est</span> <span class='ocrx_word' id='word_1_158' title='bbox 588 1444 697 1483; x_wconf 90' lang='lat' dir='ltr'>hunc</span> <span class='ocrx_word' id='word_1_159' title='bbox 733 1447 868 1483; x_wconf 90' lang='lat' dir='ltr'>vivere</span> <span class='ocrx_word' id='word_1_160' title='bbox 881 1444 902 1456; x_wconf 84' lang='lat'>’&#39;</span> <span class='ocrx_word' id='word_1_161' title='bbox 943 1458 1064 1495; x_wconf 86' lang='lat' dir='ltr'>quam</span> <span class='ocrx_word' id='word_1_162' title='bbox 1102 1445 1237 1496; x_wconf 88' lang='lat' dir='ltr'>“quid</span> <span class='ocrx_word' id='word_1_163' title='bbox 1273 1445 1546 1497; x_wconf 83' lang='lat' dir='ltr'>indignius?’&#39;</span> <span class='ocrx_word' id='word_1_164' title='bbox 1568 1443 1572 1454; x_wconf 69' lang='lat'>²</span> 
     </span>
     <span class='ocr_line' id='line_1_21' title="bbox 342 1510 1548 1563; baseline 0.002 -13"><span class='ocrx_word' id='word_1_165' title='bbox 342 1511 645 1563; x_wconf 82' lang='grc' dir='ltr'>Πεπλογραφίαν</span> <span class='ocrx_word' id='word_1_166' title='bbox 663 1510 850 1548; x_wconf 82' lang='lat' dir='ltr'>Varronis</span> <span class='ocrx_word' id='word_1_167' title='bbox 870 1511 945 1548; x_wconf 83' lang='lat' dir='ltr'>tibi</span> <span class='ocrx_word' id='word_1_168' title='bbox 965 1511 1123 1560; x_wconf 84' lang='lat' dir='ltr'>probari</span> <span class='ocrx_word' id='word_1_169' title='bbox 1143 1523 1226 1548; x_wconf 91' lang='lat' dir='ltr'>non</span> <span class='ocrx_word' id='word_1_170' title='bbox 1244 1511 1416 1550; x_wconf 78' lang='lat' dir='ltr'>moleste</span> <span class='ocrx_word' id='word_1_171' title='bbox 1434 1510 1548 1559; x_wconf 73' lang='lat' dir='ltr'>fero5</span> 
     </span>
    </p>
   </div>
   <div class='ocr_carea' id='block_1_3' title="bbox 342 1614 1572 1809">
    <p class='ocr_par' dir='ltr' id='par_1_3' title="bbox 342 1614 1572 1809">
     <span class='ocr_line' id='line_1_22' title="bbox 385 1614 1572 1695; baseline 0.004 -27"><span class='ocrx_word' id='word_1_172' title='bbox 385 1637 398 1658; x_wconf 88' lang='lat'>¹</span> <span class='ocrx_word' id='word_1_173' title='bbox 421 1636 496 1669; x_wconf 83' lang='lat' dir='ltr'>The</span> <span class='ocrx_word' id='word_1_174' title='bbox 510 1636 613 1679; x_wconf 72' lang='lat' dir='ltr'>point</span> <span class='ocrx_word' id='word_1_175' title='bbox 624 1635 661 1669; x_wconf 78' lang='lat' dir='ltr'>of</span> <span class='ocrx_word' id='word_1_176' title='bbox 676 1636 749 1669; x_wconf 81' lang='lat' dir='ltr'>this</span> <span class='ocrx_word' id='word_1_177' title='bbox 764 1642 927 1668; x_wconf 77' lang='lat' dir='ltr'>sentence</span> <span class='ocrx_word' id='word_1_178' title='bbox 944 1636 974 1668; x_wconf 85' lang='lat' dir='ltr'>is</span> <span class='ocrx_word' id='word_1_179' title='bbox 988 1640 1053 1669; x_wconf 79' lang='lat' dir='ltr'>not</span> <span class='ocrx_word' id='word_1_180' title='bbox 1067 1636 1223 1670; x_wconf 84' lang='lat' dir='ltr'>obvious.</span> <span class='ocrx_word' id='word_1_181' title='bbox 1249 1637 1323 1670; x_wconf 78' lang='lat' dir='ltr'>The</span> <span class='ocrx_word' id='word_1_182' title='bbox 1333 1614 1548 1678; x_wconf 54' lang='lat' dir='ltr'>translation</span> <span class='ocrx_word' id='word_1_183' title='bbox 1562 1617 1572 1695; x_wconf 63' lang='grc' dir='ltr'>Ξ</span> 
     </span>
     <span class='ocr_line' id='line_1_23' title="bbox 342 1680 1547 1732; baseline 0.002 -20"><span class='ocrx_word' id='word_1_184' title='bbox 342 1680 477 1730; x_wconf 78' lang='lat' dir='ltr'>follows</span> <span class='ocrx_word' id='word_1_185' title='bbox 500 1680 663 1719; x_wconf 77' lang='lat' dir='ltr'>Watson,</span> <span class='ocrx_word' id='word_1_186' title='bbox 693 1680 772 1712; x_wconf 86' lang='lat' dir='ltr'>who</span> <span class='ocrx_word' id='word_1_187' title='bbox 803 1684 964 1730; x_wconf 73' lang='lat' dir='ltr'>suggests</span> <span class='ocrx_word' id='word_1_188' title='bbox 990 1680 1071 1712; x_wconf 74' lang='lat' dir='ltr'>that</span> <span class='ocrx_word' id='word_1_189' title='bbox 1096 1680 1393 1732; x_wconf 44' lang='lat' dir='ltr'>the-pleasantry</span> <span class='ocrx_word' id='word_1_190' title='bbox 1415 1681 1547 1722; x_wconf 55' lang='lat' dir='ltr'>liujn</span> 
     </span>
     <span class='ocr_line' id='line_1_24' title="bbox 342 1702 1572 1809; baseline 0.003 -53"><span class='ocrx_word' id='word_1_191' title='bbox 342 1724 470 1766; x_wconf 80' lang='lat' dir='ltr'>oallmg</span> <span class='ocrx_word' id='word_1_192' title='bbox 486 1724 547 1756; x_wconf 70' lang='lat' dir='ltr'>the</span> <span class='ocrx_word' id='word_1_193' title='bbox 563 1723 651 1766; x_wconf 83' lang='lat' dir='ltr'>days</span> <span class='ocrx_word' id='word_1_194' title='bbox 674 1723 711 1756; x_wconf 80' lang='lat' dir='ltr'>of</span> <span class='ocrx_word' id='word_1_195' title='bbox 734 1724 796 1756; x_wconf 78' lang='lat' dir='ltr'>the</span> <span class='ocrx_word' id='word_1_196' title='bbox 819 1727 1045 1756; x_wconf 76' lang='lat' dir='ltr'>trlulnwrate</span> <span class='ocrx_word' id='word_1_197' title='bbox 1068 1724 1141 1756; x_wconf 82' lang='lat' dir='ltr'>free</span> <span class='ocrx_word' id='word_1_198' title='bbox 1165 1735 1200 1756; x_wconf 82' lang='grc' dir='ltr'>ιη</span> <span class='ocrx_word' id='word_1_199' title='bbox 1223 1733 1443 1768; x_wconf 68' lang='lat' dir='ltr'>compat-ison</span> <span class='ocrx_word' id='word_1_200' title='bbox 1457 1702 1572 1809; x_wconf 51' lang='lat' dir='ltr'>ribbi</span> 
     </span>
    </p>
   </div>
   <div class='ocr_carea' id='block_1_4' title="bbox 341 1762 1572 2159">
    <p class='ocr_par' dir='ltr' id='par_1_4' title="bbox 341 1762 1572 2040">
     <span class='ocr_line' id='line_1_25' title="bbox 342 1762 1553 1812; baseline 0.002 -12"><span class='ocrx_word' id='word_1_201' title='bbox 342 1768 403 1801; x_wconf 73' lang='lat' dir='ltr'>the</span> <span class='ocrx_word' id='word_1_202' title='bbox 429 1767 512 1800; x_wconf 83' lang='lat' dir='ltr'>date</span> <span class='ocrx_word' id='word_1_203' title='bbox 536 1770 575 1799; x_wconf 70' lang='lat' dir='ltr'>ab</span> <span class='ocrx_word' id='word_1_204' title='bbox 602 1767 717 1799; x_wconf 88' lang='lat' dir='ltr'>which</span> <span class='ocrx_word' id='word_1_205' title='bbox 741 1766 864 1800; x_wconf 85' lang='lat' dir='ltr'>Cicero</span> <span class='ocrx_word' id='word_1_206' title='bbox 892 1777 964 1799; x_wconf 83' lang='lat' dir='ltr'>was</span> <span class='ocrx_word' id='word_1_207' title='bbox 990 1767 1143 1810; x_wconf 81' lang='lat' dir='ltr'>writing.</span> <span class='ocrx_word' id='word_1_208' title='bbox 1193 1767 1305 1801; x_wconf 76' lang='lat' dir='ltr'>Other</span> <span class='ocrx_word' id='word_1_209' title='bbox 1325 1762 1553 1812; x_wconf 59' lang='lat' dir='ltr'>suggestioni</span> 
     </span>
     <span class='ocr_line' id='line_1_26' title="bbox 341 1806 1555 1855; baseline 0.003 -12"><span class='ocrx_word' id='word_1_210' title='bbox 341 1821 400 1843; x_wconf 72' lang='lat' dir='ltr'>are</span> <span class='ocrx_word' id='word_1_211' title='bbox 417 1813 466 1851; x_wconf 81' lang='grc' dir='ltr'>(α)</span> <span class='ocrx_word' id='word_1_212' title='bbox 487 1811 567 1843; x_wconf 78' lang='lat' dir='ltr'>that</span> <span class='ocrx_word' id='word_1_213' title='bbox 583 1811 683 1843; x_wconf 81' lang='lat' dir='ltr'>there</span> <span class='ocrx_word' id='word_1_214' title='bbox 706 1811 736 1842; x_wconf 83' lang='lat' dir='ltr'>is</span> <span class='ocrx_word' id='word_1_215' title='bbox 759 1821 781 1842; x_wconf 79' lang='lat' dir='ltr'>a</span> <span class='ocrx_word' id='word_1_216' title='bbox 802 1811 885 1853; x_wconf 85' lang='lat' dir='ltr'>play</span> <span class='ocrx_word' id='word_1_217' title='bbox 902 1821 947 1842; x_wconf 91' lang='lat' dir='ltr'>on</span> <span class='ocrx_word' id='word_1_218' title='bbox 971 1811 1033 1843; x_wconf 75' lang='lat' dir='ltr'>the</span> <span class='ocrx_word' id='word_1_219' title='bbox 1056 1811 1281 1844; x_wconf 76' lang='lat' dir='ltr'>triumvirate</span> <span class='ocrx_word' id='word_1_220' title='bbox 1303 1811 1374 1845; x_wconf 74' lang='lat' dir='ltr'>and</span> <span class='ocrx_word' id='word_1_221' title='bbox 1397 1806 1555 1855; x_wconf 47' lang='lat' dir='ltr'>them}</span> 
     </span>
     <span class='ocr_line' id='line_1_27' title="bbox 343 1854 1553 1897; baseline 0.003 -11"><span class='ocrx_word' id='word_1_222' title='bbox 343 1855 424 1887; x_wconf 68' lang='lat' dir='ltr'>thau</span> <span class='ocrx_word' id='word_1_223' title='bbox 447 1854 576 1887; x_wconf 80' lang='lat' dir='ltr'>Caesar</span> <span class='ocrx_word' id='word_1_224' title='bbox 605 1854 675 1886; x_wconf 78' lang='lat' dir='ltr'>and</span> <span class='ocrx_word' id='word_1_225' title='bbox 707 1854 793 1887; x_wconf 91' lang='lat' dir='ltr'>Pom</span> <span class='ocrx_word' id='word_1_226' title='bbox 820 1865 862 1897; x_wconf 82' lang='lat' dir='ltr'>ey</span> <span class='ocrx_word' id='word_1_227' title='bbox 890 1854 976 1886; x_wconf 81' lang='lat' dir='ltr'>each</span> <span class='ocrx_word' id='word_1_228' title='bbox 1008 1854 1077 1887; x_wconf 77' lang='lat' dir='ltr'>had</span> <span class='ocrx_word' id='word_1_229' title='bbox 1107 1855 1207 1888; x_wconf 78' lang='lat' dir='ltr'>three</span> <span class='ocrx_word' id='word_1_230' title='bbox 1231 1855 1363 1895; x_wconf 69' lang='lat' dir='ltr'>wives:</span> <span class='ocrx_word' id='word_1_231' title='bbox 1393 1856 1440 1896; x_wconf 77' lang='lat' dir='ltr'>(b)</span> <span class='ocrx_word' id='word_1_232' title='bbox 1547 1892 1553 1897; x_wconf 70' lang='grc'><em>,</em></span> 
     </span>
     <span class='ocr_line' id='line_1_28' title="bbox 342 1897 1551 1941; baseline 0.004 -11"><span class='ocrx_word' id='word_1_233' title='bbox 342 1898 514 1940; x_wconf 73' lang='lat' dir='ltr'>Septimia.</span> <span class='ocrx_word' id='word_1_234' title='bbox 530 1897 599 1930; x_wconf 84' lang='lat' dir='ltr'>had</span> <span class='ocrx_word' id='word_1_235' title='bbox 617 1898 717 1930; x_wconf 78' lang='lat' dir='ltr'>three</span> <span class='ocrx_word' id='word_1_236' title='bbox 738 1898 804 1930; x_wconf 88' lang='lat' dir='ltr'>hus</span> <span class='ocrx_word' id='word_1_237' title='bbox 829 1897 939 1936; x_wconf 83' lang='lat' dir='ltr'>ands;</span> <span class='ocrx_word' id='word_1_238' title='bbox 963 1908 1003 1930; x_wconf 91' lang='lat' dir='ltr'>or</span> <span class='ocrx_word' id='word_1_239' title='bbox 1029 1900 1071 1938; x_wconf 86' lang='lat' dir='ltr'>(c)</span> <span class='ocrx_word' id='word_1_240' title='bbox 1098 1898 1180 1931; x_wconf 71' lang='lat' dir='ltr'>that</span> <span class='ocrx_word' id='word_1_241' title='bbox 1204 1899 1235 1931; x_wconf 76' lang='lat' dir='ltr'>it.</span> <span class='ocrx_word' id='word_1_242' title='bbox 1258 1900 1369 1932; x_wconf 79' lang='lat' dir='ltr'>refers</span> <span class='ocrx_word' id='word_1_243' title='bbox 1392 1903 1433 1933; x_wconf 86' lang='lat' dir='ltr'>to</span> <span class='ocrx_word' id='word_1_244' title='bbox 1446 1908 1551 1941; x_wconf 60' lang='lat' dir='ltr'><em>m</em></span> 
     </span>
     <span class='ocr_line' id='line_1_29' title="bbox 341 1940 1564 1985; baseline 0.003 -12"><span class='ocrx_word' id='word_1_245' title='bbox 341 1941 467 1973; x_wconf 84' lang='lat' dir='ltr'>earlier</span> <span class='ocrx_word' id='word_1_246' title='bbox 479 1941 573 1980; x_wconf 83' lang='lat' dir='ltr'>date,</span> <span class='ocrx_word' id='word_1_247' title='bbox 588 1940 745 1983; x_wconf 85' lang='lat' dir='ltr'>possibly</span> <span class='ocrx_word' id='word_1_248' title='bbox 758 1940 909 1974; x_wconf 87' lang='lat' dir='ltr'>Cicero’s</span> <span class='ocrx_word' id='word_1_249' title='bbox 921 1941 1114 1981; x_wconf 79' lang='lat' dir='ltr'>consulate,</span> <span class='ocrx_word' id='word_1_250' title='bbox 1127 1941 1228 1975; x_wconf 80' lang='lat' dir='ltr'>when</span> <span class='ocrx_word' id='word_1_251' title='bbox 1241 1942 1352 1975; x_wconf 78' lang='lat' dir='ltr'>Fadia</span> <span class='ocrx_word' id='word_1_252' title='bbox 1363 1941 1435 1978; x_wconf 69' lang='lat' dir='ltr'>had</span> <span class='ocrx_word' id='word_1_253' title='bbox 1445 1941 1564 1985; x_wconf 40' lang='grc' dir='ltr'>ωε</span> 
     </span>
     <span class='ocr_line' id='line_1_30' title="bbox 342 1977 1572 2040; baseline 0.004 -24"><span class='ocrx_word' id='word_1_254' title='bbox 342 1984 466 2017; x_wconf 86' lang='lat' dir='ltr'>lovers.</span> <span class='ocrx_word' id='word_1_255' title='bbox 517 1984 583 2024; x_wconf 81' lang='lat' dir='ltr'>(Cf.</span> <span class='ocrx_word' id='word_1_256' title='bbox 604 1984 753 2022; x_wconf 73' lang='lat' dir='ltr'>Gurlitt,</span> <span class='ocrx_word' id='word_1_257' title='bbox 772 1984 809 2016; x_wconf 86' lang='lat' dir='ltr'>in</span> <span class='ocrx_word' id='word_1_258' title='bbox 828 1984 1039 2026; x_wconf 73' lang='lat' dir='ltr'>Philoloqus,</span> <span class='ocrx_word' id='word_1_259' title='bbox 1058 1993 1146 2017; x_wconf 80' lang='lat' dir='ltr'>Lvu.</span> <span class='ocrx_word' id='word_1_260' title='bbox 1168 1986 1282 2026; x_wconf 84' lang='lat'>(1898)</span> <span class='ocrx_word' id='word_1_261' title='bbox 1297 1996 1356 2030; x_wconf 86' lang='lat' dir='ltr'>pp.</span> <span class='ocrx_word' id='word_1_262' title='bbox 1375 1986 1512 2034; x_wconf 74' lang='lat'><strong>403-81.</strong></span> <span class='ocrx_word' id='word_1_263' title='bbox 1525 1977 1572 2040; x_wconf 51' lang='grc' dir='ltr'>’ἔ</span> 
     </span>
    </p>

    <p class='ocr_par' dir='ltr' id='par_1_5' title="bbox 385 2027 1572 2072">
     <span class='ocr_line' id='line_1_31' title="bbox 385 2027 1572 2072; baseline 0.003 -13"><span class='ocrx_word' id='word_1_264' title='bbox 385 2029 400 2049; x_wconf 81' lang='lat'>⁸</span> <span class='ocrx_word' id='word_1_265' title='bbox 423 2027 497 2059; x_wconf 84' lang='lat' dir='ltr'>The</span> <span class='ocrx_word' id='word_1_266' title='bbox 514 2027 754 2060; x_wconf 67' lang='lat' dir='ltr'>Alexandrino</span> <span class='ocrx_word' id='word_1_267' title='bbox 770 2028 1016 2070; x_wconf 78' lang='lat' dir='ltr'>grammarian,</span> <span class='ocrx_word' id='word_1_268' title='bbox 1036 2031 1100 2061; x_wconf 72' lang='lat' dir='ltr'>not</span> <span class='ocrx_word' id='word_1_269' title='bbox 1114 2028 1177 2061; x_wconf 77' lang='lat' dir='ltr'>the</span> <span class='ocrx_word' id='word_1_270' title='bbox 1192 2029 1303 2062; x_wconf 84' lang='lat' dir='ltr'>cornio</span> <span class='ocrx_word' id='word_1_271' title='bbox 1317 2034 1411 2072; x_wconf 77' lang='lat' dir='ltr'>poet.</span> <span class='ocrx_word' id='word_1_272' title='bbox 1494 2035 1498 2050; x_wconf 57' lang='grc' dir='ltr'><strong>ί</strong></span> <span class='ocrx_word' id='word_1_273' title='bbox 1535 2045 1542 2050; x_wconf 86' lang='grc'><strong><em>·</em></strong></span> <span class='ocrx_word' id='word_1_274' title='bbox 1555 2041 1572 2070; x_wconf 46' lang='grc' dir='ltr'><strong><em>Α</em></strong></span> 
     </span>
    </p>

    <p class='ocr_par' dir='ltr' id='par_1_6' title="bbox 342 2071 1547 2159">
     <span class='ocr_line' id='line_1_32' title="bbox 383 2071 1547 2118; baseline 0.004 -16"><span class='ocrx_word' id='word_1_275' title='bbox 383 2071 397 2091; x_wconf 78' lang='lat'><strong>⁸</strong></span> <span class='ocrx_word' id='word_1_276' title='bbox 419 2071 441 2102; x_wconf 88' lang='lat'>2</span> <span class='ocrx_word' id='word_1_277' title='bbox 464 2071 557 2103; x_wconf 74' lang='lat' dir='ltr'>Phil.</span> <span class='ocrx_word' id='word_1_278' title='bbox 588 2073 660 2110; x_wconf 84' lang='lat'>103,</span> <span class='ocrx_word' id='word_1_279' title='bbox 687 2071 803 2103; x_wconf 82' lang='lat' dir='ltr'>where</span> <span class='ocrx_word' id='word_1_280' title='bbox 826 2071 948 2104; x_wconf 86' lang='lat' dir='ltr'>Cicero</span> <span class='ocrx_word' id='word_1_281' title='bbox 971 2082 1112 2104; x_wconf 77' lang='lat' dir='ltr'>accuses</span> <span class='ocrx_word' id='word_1_282' title='bbox 1135 2073 1282 2116; x_wconf 72' lang='lat' dir='ltr'>Antony</span> <span class='ocrx_word' id='word_1_283' title='bbox 1303 2072 1340 2106; x_wconf 81' lang='lat' dir='ltr'>of</span> <span class='ocrx_word' id='word_1_284' title='bbox 1361 2072 1547 2118; x_wconf 59' lang='lat' dir='ltr'>obtaining</span> 
     </span>
     <span class='ocr_line' id='line_1_33' title="bbox 342 2114 1211 2159; baseline 0.003 -13"><span class='ocrx_word' id='word_1_285' title='bbox 342 2115 536 2159; x_wconf 70' lang='lat' dir='ltr'>possession</span> <span class='ocrx_word' id='word_1_286' title='bbox 553 2115 590 2147; x_wconf 85' lang='lat' dir='ltr'>of</span> <span class='ocrx_word' id='word_1_287' title='bbox 606 2119 776 2158; x_wconf 73' lang='lat' dir='ltr'>property</span> <span class='ocrx_word' id='word_1_288' title='bbox 792 2114 840 2157; x_wconf 83' lang='lat' dir='ltr'>by</span> <span class='ocrx_word' id='word_1_289' title='bbox 857 2114 1066 2147; x_wconf 78' lang='lat' dir='ltr'>underhand</span> <span class='ocrx_word' id='word_1_290' title='bbox 1082 2126 1211 2150; x_wconf 81' lang='lat' dir='ltr'>means.</span> 
     </span>
    </p>
   </div>
   <div class='ocr_carea' id='block_1_5' title="bbox 338 2173 411 2209">
    <p class='ocr_par' dir='ltr' id='par_1_7' title="bbox 338 2173 411 2209">
     <span class='ocr_line' id='line_1_34' title="bbox 338 2173 411 2209; baseline -0.027 0"><span class='ocrx_word' id='word_1_291' title='bbox 338 2173 411 2209; x_wconf 80' lang='lat'>406</span> 
     </span>
    </p>
   </div>
   <div class='ocr_carea' id='block_1_6' title="bbox 1534 2252 1572 2265">
    <p class='ocr_par' dir='ltr' id='par_1_8' title="bbox 1534 2252 1572 2265">
     <span class='ocr_line' id='line_1_35' title="bbox 1534 2252 1572 2265; baseline 0 -2"><span class='ocrx_word' id='word_1_292' title='bbox 1534 2252 1572 2265; x_wconf 54' lang='grc'>..4</span> 
     </span>
    </p>
   </div>
   <div class='ocr_carea' id='block_1_7' title="bbox 1546 2235 1572 2304">
    <p class='ocr_par' dir='ltr' id='par_1_9' title="bbox 1546 2235 1572 2304">
     <span class='ocr_line' id='line_1_36' title="bbox 1546 2235 1572 2304; baseline 0 0"><span class='ocrx_word' id='word_1_293' title='bbox 1546 2235 1572 2304; x_wconf 44' lang='grc' dir='ltr'>’ἐς</span> 
     </span>
    </p>
   </div>
  </div>
 </body>
</html>
