1572 2378
560 138 786 177 MARCUS
823 137 1069 176 TULLIUS
1108 135 1309 174 CICERO

329 228 402 266 des
430 229 655 279 negotium,
683 228 752 278 qui
780 229 961 277 quaerat,
990 223 1041 272 Q.
1073 223 1233 262 Staberi
1261 222 1411 261 fundus
1438 235 1534 261 num

329 301 419 350 quis
437 300 480 336 in
501 297 747 348 Pompeiano
776 295 986 334 Nolanove
1012 294 1166 333 venalis
1193 296 1259 333 sit.
1317 293 1534 344 Epitomen

331 370 445 409 Bruti
473 369 755 407 Caelianorum
780 367 902 405 velim
926 365 1027 404 mihi
1049 368 1187 404 mittas
1207 370 1252 403 et
1269 378 1293 403 a
1314 364 1536 404 Philoxeno

329 441 533 481 Παναιτίου
552 441 637 491 περὶ
656 440 841 490 προνοίας.
896 439 955 476 Te
979 438 1117 476 Idibus
1137 437 1284 475 videbo
1303 449 1395 474 cum
1413 438 1505 476 tuis.

904 605 963 642 IX

721 699 861 725 CICERO
890 698 1032 723 ATTICO
1062 698 1103 723 SA
1108 697 1139 724 1,-

45 767 122 806 Ser.
147 780 186 806 m
216 768 311 806 Tus·
383 769 650 808 Commodum
678 767 918 806 discesseras
943 766 1043 813 heri,
1064 779 1156 804 cum
1176 765 1390 806 Trebatius
1406 769 1532 815 venit,

43 822 298 921 ⁶1²<⁴la5⁰·){IV
331 841 450 892 paulo
477 845 571 892 post
598 839 771 886 Curtius,
802 838 868 876 hic
896 837 1098 876 salutandi
1126 850 1257 885 causa,
1285 837 1358 876 sed
1385 839 1534 878 mansit

47 906 123 971 70'9
154 890 241 915 κη’
263 891 298 915 α’
329 915 534 951 invitatus.
602 911 839 949 Trebatium
876 910 1085 947 nobiscum
1117 908 1325 947 habemus.
1395 908 1533 949 Hodie

328 997 448 1022 mane
485 981 709 1020 Dolabella.
770 981 925 1020 Multus
957 993 1090 1019 sermo
1120 979 1172 1018 ad
1204 979 1380 1019 multum
1409 979 1531 1020 diem.

328 1055 440 1094 Nihil
477 1068 639 1107 possum
671 1054 808 1092 dicere
841 1053 1108 1103 ἐκτενέστερον,
1140 1051 1242 1090 nihil
1276 1055 1533 1106 φιλοστοργό-

323 1140 442 1178 τερον.
484 1126 666 1165 Ventum
680 1131 744 1164 est
755 1130 895 1164 tamen
909 1124 961 1162 ad
977 1123 1190 1172 Quintum.
1236 1123 1371 1164 Multa
1389 1125 1532 1176 ἄφατα,

325 1200 519 1252 ἀδιήγητα,
548 1197 621 1236 sed
652 1211 778 1235 unum
809 1200 894 1235 eius
923 1196 1046 1243 modi,
1077 1195 1186 1247 quod
1218 1198 1297 1234 nisi
1329 1199 1531 1236 exercitus

323 1273 460 1318 sciret,
477 1283 561 1308 non
580 1268 700 1307 modo
720 1269 858 1306 Tironi
876 1267 1044 1314 dictare,
1067 1267 1138 1305 sed
1168 1280 1220 1304 ne
1249 1269 1336 1318 ipse
1364 1267 1528 1320 quidem

322 1342 515 1381 auderem
535 1341 721 1379 scribere.
779 1339 862 1379 Sed
881 1339 1089 1377 hactenus.

374 1416 566 1463 Εῧκαίρως
593 1412 645 1450 ad
672 1424 739 1450 me
767 1414 894 1458 venit,
917 1423 1009 1448 cum
1038 1409 1231 1448 haberem
1260 1409 1528 1460 Dolabellam,

321 1486 560 1538 Torquatus,
587 1484 957 1534 humanissimeque
986 1482 1211 1530 Dolabella,
1231 1485 1376 1535 quibus
1395 1485 1528 1524 verbis

320 1569 458 1595 secum
487 1558 675 1607 egissem,
693 1557 891 1605 exposuit.
949 1553 1215 1592 Commodum
1233 1557 1344 1592 enim
1363 1567 1526 1606 egeram

318 1627 656 1679 diligentissime3
693 1638 798 1678 quae
834 1624 1048 1676 diligentia
1077 1629 1193 1675 grata
1222 1630 1287 1664 est
1315 1627 1398 1663 visa
1427 1625 1526 1664 Tor-

318 1704 452 1751 quato.
502 1688 539 1735 A
554 1703 597 1736 te
614 1701 818 1748 exspecto,
839 1698 872 1734 si
891 1695 989 1747 quid
1008 1695 1061 1734 de
1082 1695 1218 1734 Bruto.
1268 1695 1524 1748 Quamquam

319 1770 454 1808 Nicias
473 1769 706 1808 confectum
727 1768 911 1819 putabat,
925 1767 997 1805 sed
1012 1767 1228 1805 divortium
1249 1780 1330 1804 non
1351 1768 1520 1818 probari.

317 1841 410 1889 Quo
438 1843 562 1880 etiam
589 1842 718 1890 magis
745 1838 883 1877 laboro
907 1838 1017 1877 idem
1036 1838 1145 1890 quod
1162 1843 1221 1877 tu.
1279 1837 1322 1877 Si
1342 1838 1439 1890 quid
1459 1845 1524 1879 est

315 1915 425 1950 enim
444 1912 687 1958 offensionis,
707 1910 809 1948 haec
828 1923 891 1949 res
910 1909 1066 1948 mederi
1086 1915 1233 1961 potest.

371 1983 474 2022 Mihi
494 1985 694 2034 Arpinum
714 1982 894 2020 eundum
915 1987 988 2020 est.
1041 1982 1143 2020 Nam
1164 1987 1207 2021 et
1226 1995 1327 2034 opus
1347 1988 1411 2021 est
1429 1996 1518 2022 con·

313 2058 428 2094 stitui
458 2069 482 2093 a
511 2055 627 2094 nobis
657 2054 724 2094 illa
755 2053 971 2108 praediola,
1002 2059 1046 2094 et
1075 2066 1229 2105 vereor,
1259 2067 1311 2093 ue
1341 2053 1517 2096 exeundi

318 2129 400 2169 122
