1572 2378
48 490 125 528 Ser.
147 492 184 525 in
207 487 317 524 Sinu-

48 556 177 582 essano
209 541 242 578 V
243 540 266 578 l

50 598 107 637 Id.
131 597 225 635 Nov.
247 609 282 632 α.

52 653 129 693 710

51 1540 129 1578 Scr.
151 1538 189 1576 in

53 1593 257 1631 Puteolano

55 1647 150 1686 Non.
169 1647 263 1685 Νου.
285 1659 319 1683 α.

57 1703 132 1743 710

100 1997 189 2028 Iliad,
202 2003 252 2022 xx.
268 1997 318 2023 808

565 172 795 213 MARCUS
832 173 1076 213 TULLIUS
1109 175 1310 214 CICERO

914 311 951 350 X

729 406 870 432 CICERO
899 407 1039 433 ATTICO
1068 409 1146 435 SAL.

389 490 442 515 vn
473 477 532 515 Id.
564 480 656 516 veni
684 477 736 516 ad
765 491 830 516 me
859 481 902 516 in
930 478 1229 519 Sinuessanum.
1288 480 1443 519 Eodem
1470 479 1538 520 die

336 543 456 594 vulgo
475 543 746 595 loquebantur
760 543 985 582 Antonium
1005 558 1236 583 mansurum
1256 558 1344 584 esse
1363 545 1535 585 Casilini.

337 609 480 661 Itaque
496 613 648 648 mutavi
663 610 874 648 consilium
889 623 899 655 3
921 615 1142 650 statueram
1158 613 1267 650 enim
1282 617 1393 650 recta
1407 612 1538 664 Appia

339 674 514 711 Romam.
565 673 699 712 Facile
714 687 780 712 me
795 674 864 712 ille
884 679 993 713 esset
1006 674 1233 715 adsecutus.
1281 676 1413 715 Aiunt
1430 678 1539 715 enim

333 753 427 777 eum
465 739 677 777 Caesarina
715 742 775 778 uti
813 740 1035 779 celeritate.
1106 741 1222 781 Verti
1258 744 1384 794 igitur
1414 755 1481 782 me
1516 755 1542 780 ι

334 805 564 843 Menturnis
586 804 786 855 Arpinum
802 818 950 844 versus.
1000 806 1313 855 Constitueram,
1333 812 1381 846 ut
1398 819 1423 846 v
1442 806 1541 846 Idus

331 875 402 907 aut
422 870 574 921 Aquini
599 883 807 908 manerem
833 877 905 909 aut
929 874 970 908 in
993 872 1163 912 Arcano.
1222 872 1355 920 Nune,
1380 875 1437 910 mi
1461 872 1537 912 At-

332 938 428 982 tice,
460 940 548 973 tota
579 941 720 973 mente
753 937 944 974 incumbe
977 939 1019 973 in
1054 937 1158 975 hanc
1195 950 1356 984 curam;
1394 951 1539 990 magna

333 1003 442 1038 enim
473 1014 536 1039 res
557 1007 629 1039 est.
689 1001 782 1039 Tria
811 1008 907 1040 sunt
936 1008 1088 1050 autem,
1118 1017 1358 1042 maneamne
1388 1005 1530 1056 Arpini

332 1080 383 1103 an
405 1069 568 1117 propius
586 1067 778 1105 accedam
797 1081 849 1105 an
869 1070 1027 1106 veniam
1060 1068 1237 1107 Romam.
1296 1068 1417 1116 Quod
1444 1082 1539 1109 cen—

333 1135 472 1178 sueris,
493 1132 647 1170 faciam.
707 1133 788 1171 Sed
809 1146 928 1184 quam
950 1137 1135 1184 primum.
1194 1134 1325 1173 Avide
1350 1140 1542 1187 exspecto

333 1202 423 1235 tuas
443 1197 612 1236 litteras.
670 1210 710 1236 vl
731 1198 828 1236 Idus
849 1212 968 1236 mane
988 1202 1030 1236 in
1049 1199 1306 1239 Sinuessano.
1568 1191 1572 1196 Μ

910 1359 967 1397 XI

734 1453 874 1478 Clctno
904 1454 1043 1479 ATTICO
1071 1456 1148 1481 SAL.

394 1521 522 1560 Nonis
541 1526 679 1574 accepi
705 1537 729 1561 a
753 1529 797 1562 te
823 1524 922 1562 duas
952 1526 1157 1575 epistulas,
1178 1540 1344 1578 quarum
1374 1527 1543 1567 alteram

343 1587 429 1625 Kal.
447 1588 631 1636 dederas,
647 1589 816 1627 alteram
837 1590 978 1640 pridie.
1027 1591 1157 1641 Igitur
1177 1596 1285 1642 prius
1300 1593 1352 1631 ad
1371 1595 1543 1644 superio·
1570 1583 1572 1585 ι

340 1667 437 1691 rem.
492 1654 686 1692 Nostrum
708 1667 808 1705 opus
827 1656 903 1693 tibi
923 1656 1082 1706 probari
1100 1657 1253 1703 laetor;
1282 1671 1332 1697 ex
1352 1672 1432 1710 quo
1451 1658 1547 1711 ἄνθη
1569 1663 1572 1709 J

338 1719 424 1767 ipsa
457 1719 636 1767 posuisti.
695 1716 811 1764 Quae
843 1718 943 1756 mihi
976 1718 1205 1758 florentiora
1236 1726 1333 1760 sunt
1362 1724 1444 1760 visa
1472 1725 1545 1763 tuo
1563 1736 1572 1778 ⁷¹:

338 1782 510 1827 iudicio;
539 1782 694 1820 cerulas
723 1785 833 1821 enim
860 1789 951 1822 tuas
980 1783 1210 1824 miniatulas
1237 1785 1326 1825 illas
1355 1789 1544 1827 extimes·-
1563 1781 1572 1839 ᾗ

338 1848 490 1885 cebam.
533 1847 598 1886 De
618 1847 733 1886 Sicca
752 1851 808 1887 ita
828 1854 904 1894 est,
919 1854 966 1887 ut
985 1851 1143 1888 scribis:
1166 1851 1239 1889 abl
1255 1857 1341 1890 asta
1354 1865 1405 1890 ea
1422 1854 1572 1905 aegre}¹

336 1926 403 1951 me
422 1916 549 1951 tenui.
610 1913 753 1964 Itaque
773 1917 1043 1965 perstringam
1071 1918 1159 1954 sine
1187 1916 1270 1954 ulla
1298 1907 1572 1983 contumelh{

337 1977 474 2016 Siccae
494 1983 565 2016 aut
591 1978 828 2029 Septimiae,
853 1985 1013 2018 tantum
1041 1985 1088 2019 ut
1112 1983 1242 2020 sciant
1269 1986 1295 2004 “
1306 1983 1433 2026 παῖδες
1456 1982 1572 2023 rat-fi

378 2065 389 2085 ¹
412 2065 458 2098 ab
485 2066 601 2099 added
628 2066 671 2108 by
692 2066 801 2100 Reid:
834 2072 913 2100 asta
937 2070 986 2108 (=
1003 2067 1117 2108 hasta,
1145 2079 1250 2102 seusu
1274 2069 1470 2110 obscoeuoz
1492 2068 1538 2104 of.
1561 2086 1572 2106 Ἰε

336 2108 504 2151 Priapea,
522 2110 576 2150 43,
598 2110 644 2153 l).

333 2157 413 2190 404·

1543 2254 1572 2261 ,ει
