1572 2378
523 144 749 183 MARCUS
787 144 1030 183 TULLIUS
1069 144 1270 183 CICERO

293 236 357 270 est
375 235 507 282 aptior
526 232 744 270 Antiochia
762 235 875 271 ratio.
933 232 1016 271 Sed
1034 237 1174 271 tamen
1199 232 1322 271 velim
1349 232 1496 271 scribas

294 297 346 335 ad
384 310 462 344 me,
499 300 674 348 primum
720 298 932 349 placeatne
974 299 1050 337 tibi
1091 298 1243 350 aliquid
1279 297 1331 336 ad
1368 297 1496 344 illum,

294 362 458 410 deinde,
478 365 512 401 si
530 363 720 414 placebit,
740 363 870 402 hocne
888 366 1149 415 potissimum.

349 427 488 475 Quid?
543 428 712 467 Servilia
729 432 863 468 iamne
881 431 1022 468 venit?
1078 429 1226 468 Brutus
1248 428 1396 482 ecquid
1412 430 1498 480 agit

295 498 340 531 et
375 493 564 544 quando?
631 493 696 532 De
732 494 902 533 Caesare
937 495 1034 546 quid
1071 494 1261 533 auditur?
1321 494 1410 546 Ego
1444 493 1495 532 ad

297 559 445 606 Nonas,
476 572 598 610 quem
627 559 680 598 ad
708 560 873 598 modum
902 560 996 598 dixi.
1063 550 1124 598 Tu
1154 573 1246 598 cum
1278 559 1436 607 Pisone,
1464 561 1496 597 si

295 624 393 676 quid
412 627 575 675 poteris.

745 767 880 814 XVII,
909 767 1051 805 XVIII

694 859 833 884 elenuo
861 858 1001 884 A⁹1⁹r1co
1029 858 1107 884 sn..

11 929 89 968 Ser.
110 929 149 968 in
349 938 376 966 v
396 926 483 966 Kal.
506 927 791 978 exspectabam
817 927 941 964 Roma
962 926 1115 978 aliquid
1137 928 1242 964 novi.
1300 925 1498 975 Impetus·

14 983 188 1036 Arpinati
210 984 279 1022 ῙῙῙ
295 1006 381 1031 sem
396 995 521 1044 igitur
534 992 687 1044 aliquid
706 995 797 1031 tuis.
849 993 968 1031 Nunc
983 993 1127 1031 eadem
1140 992 1222 1040 illa,
1239 991 1336 1044 quid
1351 990 1499 1029 Brutus
1559 1038 1561 1041 ἱ

13 1038 212 1132 ξὸέὶαίηι·
239 1053 273 1077 ‘¹’
295 1062 462 1110 cogitet,
482 1064 566 1106 aut,
585 1061 618 1096 si
644 1058 795 1110 aliquid
826 1061 924 1110 egit,
954 1059 1100 1110 ecquid
1128 1072 1152 1096 a
1180 1058 1359 1096 Caesare.
1417 1054 1499 1096 Sed

295 1126 394 1178 quid
412 1128 502 1172 ista,
517 1138 621 1176 quae
640 1127 773 1163 minus
792 1125 915 1163 curo?
961 1124 1101 1163 Attica
1119 1129 1258 1163 nostra
1275 1121 1374 1175 quid
1391 1126 1500 1173 agat,

295 1195 397 1231 scire
413 1193 541 1242 cupio.
591 1191 680 1229 Etsi
698 1196 794 1230 tuae
812 1191 975 1229 litterae
995 1190 1086 1244 (sed
1105 1193 1184 1228 iam
1203 1192 1323 1228 nimis
1342 1193 1500 1228 veteres

295 1258 410 1310 sunt)
443 1262 554 1296 recte
586 1270 747 1308 sperare
780 1258 936 1304 iubent,
967 1262 1108 1295 tamen
1137 1260 1330 1308 exspecto
1358 1266 1500 1293 recens

295 1324 458 1376 aliquid.

352 1390 487 1438 Vides,
516 1393 794 1442 propinquitas
823 1390 922 1442 quid
951 1390 1110 1428 habeat.
1170 1389 1253 1427 Nos
1283 1401 1378 1426 vero
1405 1398 1499 1425 con-

295 1456 473 1495 ficiamus
496 1456 644 1495 hortos.
703 1456 899 1508 Conloqui
929 1456 1176 1503 videbamur,
1203 1458 1247 1494 in
1274 1454 1500 1495 Tusculano

295 1535 389 1561 eum
409 1535 563 1569 essem3
591 1526 708 1560 tanta
731 1527 818 1560 erat
841 1526 1033 1564 crebritas
1061 1523 1298 1561 litterarum.
1357 1521 1439 1562 Sed
1457 1523 1500 1563 id

295 1588 461 1639 quidem
480 1582 560 1626 iam
579 1590 668 1626 erit.
727 1589 815 1639 Ego
834 1593 992 1629 interea
1010 1591 1221 1630 admonitu
1248 1595 1321 1629 tuo
1347 1589 1500 1642 perfeci

296 1667 392 1692 sane
421 1654 630 1705 argutulos
662 1654 784 1692 libros
814 1655 864 1693 ad
896 1655 1131 1706 Varronem,
1161 1658 1233 1697 sed
1262 1665 1400 1700 tamen
1430 1674 1499 1701 ex-

295 1726 449 1772 specto,
477 1720 575 1772 quid
602 1721 655 1759 ad
683 1733 743 1768 ea,
772 1735 875 1773 quae
903 1725 1043 1774 scripsi
1070 1724 1122 1763 ad
1150 1730 1207 1772 te,
1235 1729 1411 1777 primum
1429 1731 1499 1782 qui

294 1787 543 1826 intellexeris
581 1801 674 1826 eum
711 1788 942 1828 desiderare
973 1803 997 1827 a
1028 1804 1108 1838 me,
1138 1805 1231 1830 cum
1260 1795 1347 1844 ipse
1378 1793 1500 1834 homo

293 1854 641 1905 πολυγραφώτατος
685 1867 906 1906 numquam
947 1869 1013 1894 me
1054 1856 1321 1904 lacessisset3·
1349 1859 1499 1900 deinde

294 1931 417 1969 quem
455 1921 675 1970 ζηλοτυπεῖν
711 1923 787 1958 nisi
824 1920 929 1959 forte
968 1922 1149 1970 Brutum,
1189 1937 1310 1976 quem
1347 1928 1382 1965 si
1416 1939 1497 1966 non

239 2038 243 2042 .
295 1985 524 2035 ζηλοτ-υπεῖ,1
539 1985 669 2024 multo
686 1985 953 2025 Hortensium
968 1991 1101 2028 minus
1115 1995 1186 2028 aut
1202 2003 1282 2039 eos,
1297 1994 1367 2044 qui
1386 1992 1439 2032 de
1453 2005 1498 2033 re

297 2131 374 2173 ¹36
536 2089 549 2111 ²
571 2091 639 2124 nisi
655 2117 663 2125 .
688 2117 695 2126 .
714 2117 721 2125 .
743 2092 923 2135 ζηλοτυπεῖ
937 2095 1053 2127 added
1069 2095 1112 2136 by
1129 2095 1261 2130 Bocim.
