1572 2378
539 145 763 184 MARCUS
800 144 1044 184 TULLIUS
1081 143 1282 183 CICERO

845 314 981 353 XLIX

701 416 841 442 CICERO
871 416 1011 440 ATTICO
1041 415 1121 441 SAL.

30 497 105 535 Ser.
133 496 172 534 in
200 495 292 534 Tm·-
366 493 604 532 Sentiebam
636 495 814 539 omnino,
844 497 1042 543 quantum
1067 491 1166 529 mihi
1186 503 1377 542 praesens
1395 490 1507 542 prod—

26 550 157 589 Gulano
175 550 280 588 XIV
313 570 434 604 esses,
453 556 526 595 sed
545 555 675 594 multo
702 557 830 606 magis
858 559 951 606 post
977 554 1198 593 discessum
1225 559 1341 592 tuum
1368 555 1512 593 sentio.

29 605 77 643 K·
99 605 180 644 Iun·
203 619 237 642 a·
313 619 445 666 Quam
465 620 518 657 ob
536 631 637 666 rem,
659 623 706 657 ut
730 623 827 656 ante
855 617 907 655 ad
934 622 978 655 te
1006 619 1160 668 scripsi,
1186 621 1259 655 aut
1286 629 1364 668 ego
1390 615 1443 655 ad
1469 621 1514 655 te

31 661 106 699 709
313 687 424 721 totus
442 688 514 721 aut
532 687 578 720 tu
597 681 650 720 ad
667 694 748 729 me,
767 680 876 732 quod
893 679 1045 718 licebit.

369 746 471 784 Heri
500 759 583 783 non
615 744 745 783 multo
774 749 879 795 post,
909 757 1030 795 quam
1060 748 1105 781 tu
1135 757 1160 781 a
1188 756 1254 782 me
1283 743 1516 791 discessisti,

311 815 423 861 puto,
442 808 608 860 quidam
626 808 783 855 urbani,
802 813 849 846 ut
867 807 1123 854 videbantur,
1151 806 1204 845 ad
1230 819 1298 845 me
1326 806 1516 844 mandata

311 878 355 911 et
371 872 531 910 litteras
548 871 779 909 attulerunt
805 884 839 910 a.
872 869 913 910 C.
947 870 1076 907 Mario
1105 869 1146 907 C.
1177 868 1204 909 f.
1235 869 1278 909 C.
1308 883 1348 909 n.
1378 868 1516 908 multis

311 936 442 974 verbis
469 939 629 985 “agere
656 947 818 972 mecum
851 946 925 983 per
953 935 1252 983 cognationem,
1282 945 1386 984 quae
1415 931 1516 971 mihi

310 1010 448 1036 secum
467 1002 589 1044 esset,
609 1009 683 1047 per
703 1009 796 1034 eum
818 996 1005 1042 Marium,
1025 1008 1148 1046 quem
1166 997 1426 1046 scripsissem,
1445 1006 1518 1046 per

310 1060 586 1112 eloquentiam
617 1059 661 1098 L.
696 1058 839 1106 Crassi,
866 1061 929 1095 avi
958 1060 1032 1105 sui,
1058 1063 1106 1097 ut
1135 1071 1180 1097 se
1209 1057 1515 1106 defenderem,’'

311 1136 552 1174 causamque
571 1135 684 1160 suam
703 1121 803 1159 mihi
822 1123 1064 1171 perscripsit.
1125 1120 1326 1172 Rescripsi
1348 1126 1518 1172 patrono

311 1186 370 1224 illi
388 1185 491 1223 nihil
510 1198 611 1236 opus
630 1197 731 1231 esse,
752 1185 942 1235 quoniam
969 1183 1160 1230 Caesaris,
1183 1186 1399 1236 propinqui
1419 1186 1518 1232 eius,

311 1249 441 1285 omnis
463 1250 644 1297 potestas
663 1249 784 1290 esset,
804 1246 878 1280 viri
897 1246 1042 1294 optimi
1062 1248 1106 1282 et
1125 1243 1300 1282 hominis
1324 1243 1519 1282 liberalis-

311 1312 425 1355 simi3
452 1321 518 1346 me
538 1313 678 1346 tamen
697 1309 735 1345 ei
755 1306 973 1344 fauturum.
1023 1305 1062 1345 Ο
1077 1306 1284 1357 tempora!
1315 1306 1518 1354 fore,cum

310 1372 475 1411 dubitet
502 1371 664 1409 Curtius
691 1368 947 1407 consulatum
975 1369 1143 1420 petere!
1199 1367 1282 1408 Sed
1305 1367 1406 1408 haec
1424 1368 1518 1407 hac-

310 1440 441 1474 tenus.

365 1497 429 1536 De
457 1497 606 1535 Tirone
634 1495 734 1533 mihi
764 1508 883 1533 curae
912 1500 985 1533 est.
1045 1494 1128 1533 Sed
1155 1497 1235 1532 iam
1264 1497 1400 1542 sciam,
1421 1494 1517 1547 quid

309 1566 414 1612 agat.
476 1560 579 1597 Heri
608 1561 718 1596 enim
748 1560 850 1604 misi,
869 1559 938 1608 qui
963 1557 1147 1603 videret;
1176 1560 1239 1595 cui
1260 1559 1384 1595 etiam
1403 1556 1455 1595 ad
1473 1562 1516 1596 te

311 1624 467 1662 litteras
504 1621 611 1660 dedi.
672 1619 899 1672 Epistulam
937 1620 987 1658 ad
1026 1620 1264 1658 Ciceronem
1302 1620 1378 1658 tibi
1415 1622 1515 1659 misi.

315 1686 437 1723 Horti
469 1697 591 1736 quam
623 1686 667 1722 in
699 1683 808 1721 diem
843 1685 1056 1734 proscripti
1090 1685 1186 1730 sint,
1217 1682 1337 1720 velim
1371 1682 1423 1721 ad
1452 1695 1518 1721 me

312 1749 470 1787 scribas.

355 1878 368 1899 ¹
389 1879 446 1911 An
463 1879 634 1919 impostor
655 1876 782 1909 named
806 1877 968 1909 Ama-tias
991 1887 1032 1909 or
1055 1876 1282 1918 Herophilus.
1330 1875 1388 1909 He
1403 1886 1475 1909 was
1497 1887 1516 1908 a

314 1923 516 1964 veterinary
533 1931 694 1964 surgeon,
712 1920 783 1953 and
807 1931 879 1953 was
902 1924 969 1963 put
991 1924 1030 1953 to
1053 1920 1161 1952 death
1185 1919 1232 1963 by
1255 1920 1402 1962 Antony
1425 1919 1517 1953 niter

314 1967 357 1999 he
382 1965 452 1999 had
480 1970 536 1998 set
559 1975 608 2008 up
630 1975 653 1998 ο,
679 1964 819 1998 column
843 1965 880 1997 in
903 1964 965 1997 the
987 1964 1103 1997 forum
1119 1963 1157 1996 in
1173 1962 1330 1997 ansar's
1346 1974 1511 2007 memory.

317 2134 392 2169 100
