1572 2378
64 455 143 493 Scr.
164 454 202 493 in

579 163 806 202 MARCUS
843 161 1089 201 TULLIUS
1128 160 1330 200 CICERO

935 289 976 327 11

744 383 884 408 CICERO
915 382 1055 407 ATTICO
1085 381 1162 409 SAL.

405 463 443 489 vx
474 450 571 489 Idus
598 450 698 489 duas
727 449 920 500 epistulas
947 451 1099 499 accepi,
1129 461 1250 486 unam
1269 460 1293 485 a
1310 460 1403 485 meo
1426 445 1556 487 tabel-

69 509 103 547 P
102 509 271 548 “leolam
302 507 338 547 V
351 516 462 564 lario,
480 516 651 555 alteram
670 529 694 554 a
713 515 839 554 Bruti.
893 514 954 552 De
974 514 1199 553 Buthrotiis
1217 513 1340 564 longe
1359 511 1438 550 alia
1450 510 1557 551 fama

70 564 157 603 Idus
179 564 304 607 Quint.

66 632 99 657 a.
124 619 201 658 710

351 585 394 620 in
413 582 476 621 his
493 582 592 621 locis
611 581 756 629 fuerat,
772 581 844 619 sed
865 594 957 618 cum
976 580 1063 617 aliis
1082 579 1222 617 multis
1236 578 1314 617 hoc
1327 577 1553 616 ferendum.

351 649 518 687 Erotem
548 650 684 686 remisi
715 649 847 694 citius,
876 659 996 698 quam
1029 647 1332 692 constitueram,
1359 648 1409 682 ut
1434 646 1555 691 esset,

347 716 419 765 qui
441 714 664 752 Hortensio
683 717 726 751 et
746 712 876 750 Ouiae
888 711 902 735 ¹
929 711 1074 762 quibus
1093 709 1258 762 quidem
1277 711 1335 747 ait
1353 721 1397 748 se
1417 707 1555 747 Idibus

346 782 617 818 constituisse.
689 778 936 816 Hortensius
975 789 1070 815 vero
1106 775 1378 826 impudenter.
1441 773 1555 815 Nihil

346 848 456 883 enim
494 845 669 883 debetur
706 845 745 881 ei
782 845 859 881 nisi
889 855 940 880 ex
970 844 1094 880 tertia
1122 843 1334 892 pensione,
1360 852 1464 891 quae
1491 844 1556 880 est

350 911 436 948 Kal.
459 910 597 955 Sext.;
625 923 676 947 ex
705 922 784 960 qua
813 910 1010 958 pensione
1037 909 1124 957 ipsa
1152 908 1278 944 maior
1305 918 1398 957 pars
1425 909 1490 944 est
1514 906 1554 944 ei

345 976 478 1016 soluta
504 976 712 1027 aliquanto
740 979 836 1012 ante
866 973 987 1012 diem.
1047 972 1129 1011 Sed
1156 971 1257 1010 haec
1279 970 1379 1009 Eros
1398 969 1554 1009 videbit

348 1042 498 1081 Idibus.

401 1108 466 1146 De
497 1106 669 1145 Publilio
695 1110 848 1152 autem,
866 1103 975 1156 quod
994 1104 1188 1154 perscribi
1207 1107 1384 1153 oportet,
1401 1114 1554 1141 moram

346 1187 427 1212 non
447 1179 548 1225 puto
567 1186 654 1212 esse
677 1170 913 1209 faciendam.
962 1168 1057 1215 Sed,
1073 1182 1165 1207 cum
1186 1167 1335 1215 videas,
1355 1172 1572 1219 quantum,

345 1241 398 1279 de
418 1243 504 1279 iure
522 1245 660 1278 nostro
681 1238 986 1283 decesserimus,
1006 1237 1076 1287 qui
1095 1234 1148 1273 de
1166 1234 1336 1272 residuis
1360 1238 1455 1272 ’ὅᾱέῐ
1481 1232 1554 1272 HS

346 1315 392 1345 δῦ
419 1307 649 1358 praesentia
681 1303 928 1349 solverimus,
955 1300 1112 1352 reliqua
1138 1299 1416 1346 rescribamus,
1443 1298 1553 1350 loqui

346 1386 437 1412 cum
470 1385 532 1418 eo,
562 1373 595 1409 si
623 1370 699 1407 tibi
729 1367 948 1415 videbitur,
978 1368 1130 1418 poteris
1167 1378 1261 1403 eum
1298 1363 1553 1403 commodum

345 1443 528 1476 nostrum
560 1439 797 1486 exspectare
829 1433 995 1480 debere,
1024 1445 1117 1470 cum
1150 1435 1266 1469 tanta
1298 1432 1352 1468 sit
1382 1443 1406 1468 a
1437 1430 1572 1482 nobis.

345 1505 498 1540 iactura
513 1501 620 1538 faeta
633 1502 741 1538 iuris,
789 1497 885 1545 Sed,
900 1497 1043 1535 amabo
1056 1502 1114 1543 te,
1129 1498 1185 1534 mi
1201 1495 1340 1534 Attice
1355 1493 1552 1548 (videsne,

345 1581 466 1620 quam
486 1566 634 1605 blande
649 1564 695 1618 ?),
714 1567 850 1602 omnia
868 1568 1019 1610 nostra,
1044 1561 1177 1613 quoad
1205 1563 1284 1599 eris
1316 1560 1476 1608 Romae,
1495 1562 1553 1599 ita

345 1637 491 1684 gei-ito,
520 1634 665 1682 tegito,
695 1630 934 1682 gubernato,
963 1633 1011 1666 ut
1043 1627 1145 1665 nihil
1175 1640 1198 1664 a
1228 1638 1295 1664 me
1327 1629 1550 1676 exspectes.
1568 1668 1572 1683 a

347 1700 601 1749 Quamquam
628 1699 737 1735 enim
763 1694 917 1746 reliqua
945 1695 1041 1732 satis
1069 1698 1163 1744 apta
1193 1696 1289 1729 sunt
1316 1690 1368 1729 ad
1396 1689 1569 1729 solvena

345 1766 457 1812 dum,
476 1769 615 1802 tamen
635 1762 682 1800 fit
699 1773 834 1812 saepe,
854 1765 900 1798 ut
922 1762 964 1807 ii,
986 1761 1055 1810 qui
1080 1758 1249 1804 debent,
1277 1769 1360 1794 non
1388 1768 1572 1813 respon-*5

345 1831 472 1870 deant
498 1828 550 1867 ad
579 1833 754 1878 tempus.
813 1826 855 1864 Si
883 1825 981 1876 quid
1009 1826 1096 1862 eius
1124 1822 1235 1861 modi
1265 1821 1552 1868 acciderit,ne
1532 1862 1535 1864 s
1499 1817 1572 1876 ne}

345 1895 443 1948 quid
471 1896 547 1934 tibi
576 1897 629 1932 sit
657 1892 763 1930 fama
790 1904 881 1929 mea
909 1893 1055 1941 potius.
1113 1888 1205 1926 Non
1231 1886 1352 1925 modo
1378 1880 1572 1963 versum}

345 1975 484 2000 verum
505 1962 628 1997 etiam
649 1957 897 2003 venditione,
924 1958 956 1994 si
981 1957 1039 1993 ita
1067 1966 1131 1992 res
1160 1957 1294 2004 coget,
1322 1964 1396 1990 nos
1422 1947 1572 2010 vindi-·{

344 2027 464 2066 cabis.

347 2149 397 2188 37
448 2101 457 2122 ¹
481 2100 591 2135 Ouiae
609 2098 758 2133 Gurbita:
782 2098 866 2141 quia
881 2108 900 2130 ο
918 2096 1038 2129 MSS:
1062 2093 1292 2128 coheredibus
1307 2091 1446 2126 Juuim.

401 2151 425 2184 2
