1572 2378
590 159 817 199 MARCUS
855 160 1101 199 TULLIUS
1141 161 1342 199 CICERO

360 251 425 296 sit,
446 248 571 288 vides.
631 249 831 300 Rescripsi
868 252 924 287 mi
962 251 1086 287 etiam
1125 251 1285 300 gravius
1321 262 1410 289 esse
1445 262 1567 302 quam

361 313 461 356 tum,
482 323 574 347 cum
593 309 652 347 illi
672 309 863 347 dixissem
888 322 955 347 me
980 309 1110 347 solum
1139 322 1228 348 esse
1255 309 1373 348 velle.
1430 309 1568 358 Quare

362 369 470 406 nolle
489 382 556 408 me
575 369 652 407 hoc
666 374 851 420 tempore
871 383 960 407 earn
980 368 1032 408 ad
1053 382 1120 408 me
1148 372 1298 408 venire.
1357 369 1566 425 Putabam,

360 432 391 467 si
422 429 523 467 nihil
555 432 859 480 rescripsissem,
890 429 999 467 illam
1033 443 1126 468 cum
1161 436 1291 470 matre
1329 435 1566 480 venturam3

360 502 468 527 nunc
498 502 579 527 non
609 494 719 540 put0.
778 489 1016 540 Apparebat
1043 492 1153 527 enim
1180 489 1270 528 illas
1296 489 1456 528 litteras
1482 503 1564 529 non

359 562 447 587 esse
484 552 618 600 ipsius.
677 548 786 587 Illud
823 554 976 597 autem,
1009 549 1118 601 quod
1151 549 1239 588 fore
1272 549 1403 597 video,
1433 552 1564 602 ipsum

359 611 448 649 volo
468 614 608 658 vitare,
627 625 681 650 ne
700 611 794 650 illae
812 612 864 650 ad
882 625 950 650 me
969 614 1149 659 veniant,
1165 617 1209 651 et
1226 625 1309 651 una
1326 617 1390 651 est
1409 615 1564 660 vitatio,

359 676 406 710 ut
434 685 512 723 ego
540 671 709 710 avolem.
768 671 946 719 Nollem,
978 671 1049 710 sed
1081 685 1248 711 necesse
1277 677 1352 712 est.
1407 671 1469 713 Te
1486 671 1564 711 hoc

357 744 466 769 nunc
494 745 605 782 rogo,
625 737 672 770 ut
691 730 889 782 explores,
907 731 960 769 ad
980 745 1101 783 quam
1121 731 1232 770 diem
1250 731 1317 770 hic
1335 734 1394 770 ita
1412 735 1561 783 possim

356 804 458 839 esse,
479 797 526 830 ut
543 805 597 830 ne
616 794 830 843 opprimar.
888 792 1013 842 Ages,
1029 797 1076 830 ut
1093 791 1247 840 scribis,
1265 796 1507 843 temperate.

410 851 594 890 Ciceroni
613 851 736 890 velim
754 850 832 889 hoc
850 864 1064 902 proponas,
1083 853 1142 889 ita
1159 856 1312 899 tamen,
1333 854 1366 890 si
1385 852 1462 891 tibi
1478 865 1561 892 non

355 914 539 963 iniquum
566 911 783 958 videbitur,
803 916 851 949 ut
868 917 1054 963 sumptus
1073 911 1192 950 huius
1211 914 1560 963 peregrinationis,

355 974 514 1025 quibus,
533 974 566 1010 si
588 972 737 1010 Romae
758 976 868 1010 esset
886 971 1134 1023 domumque
1162 971 1424 1020 conduceret,
1450 973 1560 1024 quod

354 1032 489 1071 facere
508 1032 726 1083 cogitabat,
740 1031 858 1069 facile
873 1036 1092 1069 contentus
1111 1030 1271 1070 futurus
1290 1037 1392 1080 erat,
1405 1045 1559 1071 accom-

354 1092 495 1131 modet
522 1091 575 1129 ad
602 1091 812 1129 mercedes
839 1090 1016 1142 Argileti
1039 1096 1083 1129 et
1104 1090 1314 1139 Aventini,
1334 1097 1390 1139 et,
1410 1105 1502 1130 cum
1521 1096 1558 1132 ei

353 1155 620 1204 proposueris,
649 1154 736 1203 ipse
767 1151 888 1190 velim
918 1151 1073 1203 reliqua
1101 1151 1326 1200 moderere,
1356 1165 1480 1204 quem
1505 1153 1558 1193 ad

353 1212 519 1250 modum
538 1225 587 1250 ex
607 1214 655 1249 iis
673 1210 928 1249 mercedibus
947 1210 1254 1261 suppeditemus
1268 1213 1321 1259 ei,
1334 1212 1442 1264 quod
1457 1226 1558 1264 opus

354 1275 417 1311 sit.
472 1272 690 1310 Praestabo
709 1284 786 1309 nec
807 1270 997 1308 Bibulum
1015 1284 1092 1308 nec
1115 1270 1332 1309 Acidinum
1350 1285 1428 1310 nec
1449 1272 1557 1311 Mes-

352 1332 506 1379 sallam,
525 1344 625 1384 quos
645 1330 821 1369 Athenis
840 1330 997 1368 futuros
1018 1330 1151 1377 audio,
1173 1332 1344 1369 maiores
1371 1337 1556 1384 sumptus

350 1393 540 1439 facturos,
569 1404 690 1443 quam
719 1391 828 1442 quod
858 1404 909 1429 ex
939 1393 997 1428 eis
1032 1390 1288 1430 mercedibus
1323 1394 1552 1443 recipietur.

352 1453 496 1504 Itaque
523 1452 646 1490 velim
674 1451 823 1498 videas,
843 1453 1018 1502 primum
1036 1450 1303 1490 conductores
1322 1454 1391 1503 qui
1409 1454 1492 1491 sint
1510 1459 1555 1493 et

349 1514 504 1565 quanti,
532 1511 683 1550 deinde
711 1516 759 1549 ut
786 1513 853 1558 sit,
881 1513 951 1562 qui
977 1510 1028 1548 ad
1063 1510 1171 1549 diem
1210 1510 1351 1559 solvat,
1381 1517 1426 1551 et
1453 1514 1551 1565 quid

348 1575 496 1619 viatici,
526 1571 625 1623 quid
660 1573 923 1610 instrumenti
959 1573 1056 1609 satis
1092 1573 1156 1609 sit.
1213 1571 1404 1610 lumento
1439 1578 1551 1612 certe
1570 1579 1572 1605 ἶ

348 1632 523 1671 Athenis
542 1631 643 1668 nihil
663 1644 763 1682 opus
782 1637 856 1670 est.
914 1630 1072 1678 Quibus
1099 1636 1238 1669 autem
1256 1633 1299 1670 in
1319 1634 1380 1669 via
1399 1637 1549 1680 utatur,

345 1692 455 1731 domi
492 1697 589 1730 sunt
626 1691 752 1743 plura,
790 1704 911 1743 quam
948 1704 1048 1741 opus
1082 1696 1182 1739 erat,
1211 1691 1320 1744 quod
1350 1695 1474 1731 etiam
1502 1699 1546 1733 tu

342 1752 641 1790 animadvertis.

850 1838 1035 1876 XXXIII

736 1913 876 1939 CICERO
905 1914 1046 1939 ATTICO
1074 1914 1152 1940 SAL.

56 1972 134 2010 Ser,
149 1971 311 2010 Asturae
395 1967 496 2018 Ego,
525 1970 573 2004 ut
599 1964 688 2004 heri
715 1964 766 2003 ad
794 1970 838 2003 te
866 1966 1019 2015 scripsi,
1048 1967 1081 2002 si
1109 1969 1153 2003 et
1179 1963 1301 2004 Silius
1335 1965 1371 2004 is
1407 1963 1544 2011 fuerit,
1564 1954 1569 1967 ³

62 2025 144 2064 VII
159 2025 207 2064 K.
227 2026 320 2077 Apr.
340 2040 461 2078 quem
495 2032 540 2064 tu
573 2030 706 2076 putas,
738 2037 815 2063 nec
848 2023 1004 2062 Drusus
1033 2023 1193 2063 facilem
1222 2037 1266 2063 se
1298 2026 1572 2079 praebuerit,3

53 2094 88 2119 a·
113 2081 190 2120 709
338 2086 631 2179 gamasippum
652 2085 771 2123 velim
791 2084 1038 2136 adgrediare.
1090 2084 1142 2131 Is,
1156 2086 1311 2136 opinor,
1331 2088 1386 2123 ita
1406 2090 1542 2136 partes
