1572 2378
568 169 794 209 MARCUS
832 170 1077 210 TULLIUS
1115 171 1316 211 CICERO

339 256 453 295 illum
472 257 640 305 oderim,
660 257 782 309 quod,
801 271 893 297 cum
918 271 1008 297 eam
1034 272 1102 297 me
1129 263 1294 298 auctore
1320 257 1544 300 defendere

338 320 551 368 coepisset,
570 331 653 355 non
678 317 799 356 modo
823 318 1051 357 deseruerit
1079 324 1240 369 emptus
1267 321 1453 370 pecunia,
1470 318 1544 358 sed

338 379 472 427 etiam,
489 383 687 429 quantum
702 380 744 416 in
758 381 846 429 ipso
860 378 999 426 fuerit,
1013 381 1218 418 everterit.
1267 378 1389 427 Quod
1405 384 1544 418 autem

337 440 508 489 quaeris,
540 451 621 489 quo
653 437 774 476 modo
807 441 873 489 agi
910 438 1083 489 placeat,
1119 451 1213 477 cum
1248 439 1337 478 dies
1373 441 1546 488 venerit,

338 500 510 549 primum
538 498 661 537 velim
689 501 775 537 eius
802 498 913 536 modi
940 501 1006 546 sit,
1031 504 1079 537 ut
1103 512 1184 537 non
1210 499 1389 538 alienum
1406 502 1461 538 sit
1477 512 1544 546 me

340 558 489 596 Romae
509 571 622 604 esse;
649 558 702 597 de
721 571 802 611 quo
823 563 869 597 ut
887 558 940 596 de
959 561 1107 597 ceteris
1126 558 1285 607 faciam,
1306 564 1354 598 ut
1379 564 1424 598 tu
1449 571 1544 598 cen-

337 621 474 657 sueris.
533 618 598 657 De
620 631 777 658 summa
794 623 932 657 autem
951 621 1018 670 agi
1036 631 1197 670 prorsus
1217 618 1484 659 vehementer
1499 623 1545 660 et

337 691 477 716 severe
496 677 597 716 volo.
651 677 740 716 Etsi
759 690 971 728 sponsores
990 677 1195 729 appellare
1214 677 1377 718 videtur
1393 677 1544 720 habere

337 738 539 790 quandam
565 739 766 785 δυσωπίαν,
785 744 938 786 tamen,
966 737 1044 776 hoc
1072 731 1191 790 quale
1219 741 1287 787 sit,
1313 739 1544 779 consideres

338 798 469 837 velim.
539 798 751 836 Possumus
789 801 913 846 enim,
950 804 997 837 ut
1033 811 1245 850 sponsores
1279 799 1543 850 appellemus,

337 863 636 909 procuratorem
683 858 966 904 introducere3
1012 871 1147 910 neque
1185 861 1296 898 enim
1332 858 1392 897 illi
1426 859 1543 898 litem

337 919 687 957 contestabuntur.
746 918 839 966 Quo
869 918 977 957 sacto
1006 931 1090 956 non
1121 931 1211 957 sum
1242 921 1402 958 nescius
1422 932 1543 972 spon-

336 992 445 1017 sores
463 979 636 1017 liberari.
695 978 777 1017 Sed
803 983 847 1016 et
871 978 930 1016 illi
955 983 1075 1029 turpe
1101 979 1273 1017 arbitror
1293 992 1343 1018 eo
1365 982 1542 1024 nomine,

337 1039 445 1090 quod
463 1038 658 1077 satisdato
683 1038 846 1085 debeat,
871 1044 1150 1089 procuratores
1179 1041 1265 1077 eius
1292 1052 1374 1077 non
1401 1039 1541 1079 dissel-

338 1112 431 1138 vere
461 1104 505 1138 et
534 1104 696 1137 nostrae
727 1100 937 1150 gravitatis
966 1100 1028 1136 ius
1058 1104 1241 1137 nostrum
1269 1100 1358 1138 sine
1387 1112 1543 1138 summa

337 1158 443 1198 illius
484 1161 707 1210 ignominia
748 1161 948 1209 persequi.
1020 1158 1085 1196 De
1122 1158 1198 1196 hoc
1235 1158 1334 1210 quid
1370 1159 1542 1211 placeat,

338 1220 530 1258 rescribas
554 1218 700 1264 velim3
729 1231 806 1256 nec
834 1218 992 1266 dubito,
1019 1221 1117 1270 quin
1146 1218 1223 1257 hoc
1249 1224 1384 1258 totum
1411 1219 1541 1259 lenius

335 1279 687 1318 administraturus
705 1281 770 1316 sis.

393 1339 530 1378 Redeo
559 1338 611 1377 ad
639 1353 726 1377 rem
754 1338 967 1389 publicam.
1027 1339 1160 1377 Multa
1186 1339 1420 1379 mehercule
1445 1353 1472 1381 a
1495 1345 1541 1380 te

336 1413 457 1450 saepe
484 1402 527 1437 in
554 1402 733 1451 πολιτικῷ
761 1412 914 1450 genere
942 1398 1178 1449 prudenter,
1203 1400 1277 1438 sed
1304 1399 1366 1439 his
1392 1399 1541 1439 litteris

337 1459 436 1497 nihil
465 1458 730 1510 prudentius:
768 1457 1062 1510 “Quamquam
1091 1462 1200 1496 enim
1228 1464 1366 1510 potest
1395 1459 1467 1499 et¹
1496 1463 1540 1499 in

336 1522 566 1570 praesentia
583 1518 691 1557 belle
717 1521 794 1557 iste
819 1531 921 1569 puer
940 1517 1125 1556 retundit
1145 1519 1382 1567 Antonium,
1401 1525 1538 1559 tamen

336 1583 490 1618 exitum
510 1583 746 1630 exspectare
766 1577 1003 1616 debemus.'’
1059 1578 1117 1616 At
1136 1592 1239 1630 quae
1258 1580 1415 1618 contio!
1445 1593 1538 1619 nam

335 1645 399 1678 est
425 1642 544 1678 missa
572 1638 684 1678 mihi.
743 1638 868 1684 Iurat,
887 1640 945 1676 ita
963 1638 1039 1676 sibi
1059 1641 1237 1689 parentis
1255 1638 1429 1678 honores
1445 1638 1540 1678 con·
1566 1656 1572 1684 >i

334 1702 448 1751 sequi
470 1699 604 1746 liceat,
634 1703 678 1737 et
705 1697 823 1736 simul
852 1697 1036 1736 dextram
1066 1697 1247 1736 intendit
1271 1698 1323 1736 ad
1351 1703 1536 1739 statuam.
1566 1691 1572 1735 ἐ

336 1761 442 1810 Μηδὲ
461 1760 622 1809 σωθείην
640 1759 713 1798 ὑπό
736 1776 780 1811 γε
802 1759 972 1797 τοιούτου
988 1759 996 1796 !
1052 1757 1147 1805 Sed,
1167 1763 1214 1796 ut
1232 1759 1383 1807 scribis,
1401 1761 1540 1799 certis-

333 1823 478 1858 simum
498 1832 587 1860 esse
606 1819 725 1857 video
737 1818 953 1856 discrimen
969 1817 1116 1856 Cascae
1132 1821 1258 1856 nostri
1273 1819 1540 1868 tribunatum,

333 1880 385 1918 de
404 1893 484 1931 quo
504 1879 669 1931 quidem
688 1881 775 1930 ipso
793 1878 878 1916 dixi
904 1877 1053 1929 Oppio,
1081 1891 1174 1916 cum
1201 1891 1268 1917 me
1296 1878 1552 1928 hortantum.

594 1965 605 1985 ¹
628 1968 749 2009 potest
764 1968 800 1998 et
817 1964 1008 1998 Gronovius
1023 1977 1031 1998 ε
1055 1968 1181 2008 postea
1197 1965 1301 1999 MSS.

400 2056 412 2076 ¹
436 2054 485 2088 Or
502 2055 567 2087 “is
582 2065 622 2087 ca
649 2053 728 2086 able
743 2053 780 2086 of
795 2053 941 2095 holding
955 2052 1026 2086 and
1041 2057 1081 2086 at
1095 2056 1239 2096 present
1253 2052 1338 2087 does
1353 2052 1476 2088 hold.”
1541 2074 1545 2098 ᾗ

396 2098 411 2118 ‘²
434 2099 465 2131 A
483 2097 591 2131 contio
633 2096 787 2130 elivered
804 2096 852 2141 by
868 2096 1054 2131 Octavian.

335 2147 413 2182 422
