1572 2378
579 155 806 195 MARCUS
847 156 1091 195 TULLIUS
1129 157 1331 196 CICERO

343 258 564 297 numquam
582 247 626 282 in
645 245 729 283 ulla
748 247 913 284 civitate
942 246 1104 293 accidit,
1123 259 1207 284 non
1225 259 1307 284 una
1325 260 1417 285 cum
1435 247 1550 287 liber.

347 316 434 350 tate
453 325 541 349 rem
562 311 765 362 publicam
784 317 1076 362 recuperatam.
1135 311 1343 351 llorribile
1357 318 1433 360 est,
1451 325 1554 365 quae

347 377 573 428 loquantur,
593 390 696 428 quae
716 378 971 416 minitentur.
1021 377 1080 414 Ac
1097 390 1236 415 vereor
1257 377 1415 416 Gallica
1432 381 1555 418 etiam

346 443 464 489 bella,
483 445 570 493 ipse
591 442 739 481 Sextus
765 455 845 493 quo
874 442 1030 481 evadat.
1089 442 1172 481 Sed
1192 445 1327 481 omnia
1345 442 1444 482 licet
1460 457 1556 484 eon-

346 514 520 555 currant,
559 508 656 547 Idus
695 508 868 546 Martiae
907 507 1176 547 consolantur.
1243 509 1382 547 Nostri
1418 514 1554 548 autem

346 575 471 625 ἥρωες,
491 574 599 626 quod
628 587 702 625 per
730 576 837 625 ipsos
866 574 1008 612 confici
1037 577 1184 625 potuit,
1207 574 1492 625 gloriosissime
1513 581 1554 614 et

348 639 743 691 magnificentissime
769 639 1059 685 confecerunt;
1087 640 1266 692 reliquae
1295 653 1360 679 res
1387 654 1485 692 opes
1512 647 1554 680 et

344 708 478 757 copias
505 705 755 753 desiderant,
783 719 880 757 quas
908 705 1040 744 nullas
1070 705 1276 745 habemus.
1337 706 1455 745 Haec
1478 720 1556 758 ego

344 771 396 809 ad
424 776 480 809 te.
548 771 624 818 Tu,
654 774 687 809 si
717 771 816 823 quid
845 774 939 809 novi
969 770 1082 824 (nam
1117 771 1267 810 cotidie
1299 771 1453 824 aliquid
1487 785 1554 811 ex-

344 835 514 889 specto),
547 835 763 875 confestim
795 836 846 874 ad
880 849 960 884 me,
991 842 1048 883 et,
1078 839 1112 875 si
1144 839 1238 874 novi
1270 837 1387 884 nihil,
1418 843 1555 876 nostro

346 915 454 940 more
474 907 613 940 tamen
632 915 685 940 ne
705 905 906 952 patiamur
925 904 1145 940 intermitti
1163 902 1376 940 litterulas.
1431 902 1554 953 Equi-

343 967 437 1005 dem
459 981 540 1004 non
561 970 825 1007 committam.

933 1084 968 1122 V

732 1179 872 1204 CICERO
902 1179 1042 1204 ATTICO
1071 1180 1099 1205 8.
1131 1179 1168 1205 D.

59 1254 138 1292 Scr.
171 1253 341 1292 Asturae*
400 1249 529 1300 Spero
555 1250 632 1288 tibi
659 1252 739 1287 iam
767 1262 868 1296 esse,
888 1255 936 1288 ut
954 1249 1152 1297 volumus,
1171 1253 1361 1301 quoniam
1387 1251 1551 1302 quidem

62 1308 132 1346 ῘῙῙ
150 1308 206 1345 Id·
234 1308 325 1358 APT·
346 1317 545 1366 ἠσίτησας,
576 1329 668 1354 cum
698 1316 845 1354 leviter
877 1321 1102 1354 commotus
1139 1329 1272 1362 esses;
1311 1317 1385 1355 sed
1413 1323 1551 1356 tamen

59 1377 94 1402 a.
118 1364 195 1402 710

346 1381 468 1420 velim
497 1384 612 1428 scire,
643 1381 740 1433 quid
770 1395 877 1432 agas.
935 1381 1060 1432 Signa
1090 1381 1210 1429 bella,
1241 1382 1349 1434 quod
1379 1382 1554 1422 Calvena

343 1447 515 1486 moleste
533 1446 616 1486 fert
635 1460 679 1486 se
698 1452 932 1498 suspectum
952 1461 1040 1486 esse
1067 1447 1194 1486 Bruto
1208 1462 1219 1496 ;
1248 1447 1318 1486 illa
1336 1451 1452 1499 signa
1470 1462 1552 1488 non

342 1514 457 1560 bona,
479 1515 512 1552 si
532 1526 624 1551 cum
644 1515 769 1563 signis
788 1513 971 1565 legiones
998 1516 1170 1551 veniunt
1194 1526 1218 1552 e
1241 1513 1384 1552 Gallia.
1443 1513 1552 1562 Quid

343 1584 389 1618 tu
426 1579 514 1617 illas
552 1584 684 1629 putas,
718 1592 821 1630 quae
854 1578 1021 1618 fuerunt
1058 1582 1101 1617 in
1139 1579 1368 1629 Hispania?
1415 1593 1552 1620 nonne

342 1645 451 1683 idem
470 1644 766 1696 postulaturas?
796 1644 907 1695 quid,
927 1658 1025 1696 quas
1052 1644 1211 1682 Annius
1236 1647 1552 1696 transportavit?

342 1710 385 1748 C.
406 1710 592 1749 Asinium
612 1710 733 1756 volui,
752 1710 825 1748 sed
847 1711 1073 1761 μνημονικὸν
1092 1711 1303 1761 ἁμάρτημα.
1362 1710 1428 1748 Ab
1446 1710 1552 1750 alea-

342 1776 456 1814 tore¹
487 1777 634 1827 φυρμὸς
661 1777 790 1817 πολύς,
815 1775 919 1813 Nam
939 1779 1015 1813 ista.
1035 1775 1199 1827 quidem
1230 1775 1408 1814 Caesaris
1432 1775 1552 1815 liber-

342 1847 477 1880 torum
496 1844 718 1879 coniuratio
739 1841 856 1879 facile
877 1844 1188 1892 opprimeretur,
1209 1844 1242 1879 si
1262 1847 1374 1879 recta
1391 1847 1552 1892 saperet

343 1907 557 1945 Antonius.
607 1906 644 1945 Ο
665 1920 797 1945 meam
816 1907 984 1945 stultam
1003 1906 1287 1944 verecundiam
1304 1907 1312 1944 !
1338 1909 1406 1957 qui
1426 1906 1550 1957 legari

343 1972 542 2010 noluerim
560 1977 658 2010 ante
677 1985 741 2010 res
760 1972 948 2023 prolatas,
968 1985 1021 2010 ne
1041 1971 1231 2010 deserere
1257 1971 1416 2010 viderer
1443 1971 1551 2010 hunc

385 2051 399 2071 ¹
421 2061 444 2084 a
473 2051 677 2084 balneatore
706 2061 795 2084 some
826 2051 931 2084 MSS.
960 2051 1033 2084 and
1058 2050 1210 2084 editors:
1233 2049 1270 2083 in
1293 2049 1401 2083 which
1426 2060 1500 2083 caue
1525 2050 1550 2082 ι’(

344 2094 452 2135 resera
467 2099 499 2127 to
515 2095 568 2128 the
588 2094 893 2128 Pseudo-Marius.
1447 2113 1456 2134 ‚

347 2143 425 2176 222
