1572 2378
565 156 792 196 MARCUS
831 155 1076 195 TULLIUS
1114 151 1316 193 CICERO

333 252 443 292 tere;
471 246 558 293 sed,
578 245 698 298 quale
717 244 830 292 velis,
844 243 967 282 velim
983 246 1097 282 scire.
1147 242 1267 291 Quod
1286 242 1337 282 ad
1355 247 1399 282 te
1417 247 1539 282 antea

331 312 455 358 atque
473 306 577 344 adeo
596 307 706 356 prius
725 306 865 355 scripsi
891 302 964 356 (sic
988 306 1098 342 enim
1117 301 1273 355 mavis),
1291 302 1344 341 ad
1362 303 1538 342 scriben-

332 367 429 404 dum
449 365 565 419 (licet
584 364 714 404 enim¹
735 365 810 402 tibi
826 376 920 402 vere
935 363 1089 415 dicere)
1104 362 1237 401 fecisti
1251 375 1317 402 me
1330 365 1534 402 acriorem.

334 427 399 465 Ad
426 432 543 465 tuum
573 428 683 464 enim
711 424 916 471 iudicium,
940 423 1049 475 quod
1069 423 1168 461 mihi
1188 428 1276 462 erat
1293 427 1451 472 notum,
1467 422 1539 462 ad-

332 486 471 524 didisti
493 485 693 523 Peducaei
714 486 1012 531 auctoritatem,
1030 496 1219 534 magnam
1242 483 1405 535 quidem
1430 482 1538 535 apud

332 560 398 585 me
418 551 462 584 et
480 548 522 583 in
542 547 679 596 primis
699 557 875 595 gravem.
933 543 1077 582 Enitar
1104 546 1242 594 igitur,
1260 556 1314 582 ne
1333 542 1539 582 desideres

332 612 403 645 aut
431 606 673 644 industriam
701 617 834 642 meam
862 609 934 642 aut
961 603 1229 655 diligentiam.
1286 603 1538 656 Vettienum‚

332 672 378 705 ut
397 667 549 712 scribis,
571 671 614 703 et
635 665 848 703 Faberium
867 663 996 702 foveo.
1045 663 1229 701 Clodium
1249 663 1351 701 nihil
1368 664 1540 703 arbitror

331 726 556 771 malitiose3
585 737 829 776 quamquam
850 746 902 752 —
920 723 993 762 sed
1013 723 1121 775 quod
1142 726 1286 774 egerit.
1335 723 1400 762 De
1419 722 1539 763 liber-

331 792 418 827 tate
437 786 667 833 retinenda,
697 798 776 836 qua
804 789 916 823 certe
945 784 1048 822 nihil
1077 790 1140 822 est
1168 783 1338 831 dulcius,
1366 784 1443 822 tibi
1469 783 1538 823 ad-

331 849 494 886 sentior.
546 846 663 884 Itane
685 845 802 883 Gallo
823 844 1018 882 Caninio?
1062 844 1100 883 Ο
1115 844 1322 883 hominem
1341 843 1538 896 nequam!

332 906 429 959 quid
464 909 573 945 enim
605 905 738 944 dicam
770 903 908 942 aliud?
966 903 1139 942 Cautum
1173 903 1436 942 Marcellum!
1473 917 1540 943 me

333 970 403 1014 sic,
422 966 495 1005 sed
515 979 598 1004 non
616 970 757 1004 tamen
776 967 1065 1002 cautissimum.

387 1027 579 1079 Longiori
612 1025 811 1077 epistulae
850 1027 1126 1075 superiorique
1160 1024 1361 1075 respondi.
1420 1023 1540 1063 Nunc

332 1089 502 1126 breviori
522 1088 778 1138 propiorique
798 1084 895 1136 quid
918 1084 1198 1134 respondeam,
1213 1087 1290 1122 nisi
1310 1097 1399 1122 eam
1419 1082 1541 1122 fuisse

331 1147 633 1186 dulcissimam?
691 1145 769 1183 Res
792 1145 1085 1194 Hispanienses
1113 1143 1230 1182 valde
1259 1145 1401 1192 bonae,
1420 1143 1541 1183 modo

334 1207 549 1246 Balbilium
599 1205 844 1244 incolumem
892 1203 1064 1251 videam,
1111 1203 1333 1242 subsidium
1379 1207 1541 1242 nostrae

333 1270 566 1306 senectutis.
618 1265 682 1304 De
703 1267 893 1302 Anniano
911 1264 1035 1311 idem,
1055 1263 1164 1315 quod
1183 1277 1249 1302 me
1269 1263 1387 1302 valde
1407 1263 1542 1302 obser-

333 1333 400 1365 vat
420 1327 596 1365 Visellia.
654 1325 737 1363 Sed
765 1324 867 1362 haec
896 1324 1062 1375 quidem
1084 1323 1274 1363 humana.
1332 1323 1396 1362 De
1417 1323 1543 1362 Bruto

333 1393 375 1426 te
395 1387 496 1425 nihil
517 1389 619 1425 scire
639 1385 752 1431 dicis,
772 1384 844 1423 sed
865 1383 1034 1422 Servilia
1052 1386 1211 1422 venisse
1238 1383 1296 1423 M.
1321 1383 1543 1435 Scaptium,

335 1461 508 1499 eumque
541 1460 624 1484 non
658 1459 737 1497 qua
769 1457 917 1496 pompa
945 1443 1210 1491 adsuevisset,
1242 1443 1293 1482 ad
1325 1456 1370 1482 se
1403 1449 1542 1483 tamen

333 1507 436 1545 clam
467 1511 685 1545 venturum
718 1507 994 1555 sciturumque
1027 1516 1094 1541 me
1127 1506 1286 1550 omnia3
1328 1516 1431 1555 quae
1465 1516 1543 1556 ego

333 1569 483 1605 statim.
542 1566 707 1603 Interea
735 1568 871 1602 narrat
897 1563 1040 1601 eadem
1061 1563 1173 1601 Bassi
1192 1576 1352 1602 servum
1370 1565 1542 1612 venisse,

332 1630 401 1678 qui
431 1628 641 1664 nuntiaret
673 1625 857 1675 legiones
889 1622 1186 1663 Alexandrinas
1215 1626 1258 1661 in
1289 1626 1408 1662 armis
1441 1635 1541 1670 esse,

335 1687 501 1725 Bassum
531 1687 690 1732 arcessi,
720 1684 900 1722 Cassium
929 1685 1167 1734 exspectari.
1226 1682 1335 1731 Quid
1356 1684 1541 1735 quaeris?

333 1747 494 1784 videtur
517 1758 580 1783 res
607 1743 768 1795 publica
796 1746 857 1781 ius
886 1755 1003 1780 suum
1031 1748 1332 1793 recuperatum.
1388 1741 1470 1781 Sed
1487 1755 1541 1781 ne

623 1842 635 1863 ¹
658 1842 743 1876 licet
760 1842 852 1875 enim
870 1841 987 1874 added
1003 1841 1045 1883 by
1062 1840 1254 1874 Lehmann.

376 1965 389 1987 ²
413 1966 519 1999 After
543 1966 635 2007 quod
659 1963 763 2006 eyerit
788 1974 882 1996 some
905 1962 990 1995 such
1008 1961 1124 1995 words
1146 1973 1185 1995 as
1211 1961 1251 1996 id
1275 1967 1391 1996 actum
1418 1961 1542 1997 habebo

333 2014 429 2043 must
456 2010 500 2042 be
531 2008 706 2051 supplied.
762 2006 815 2041 On
845 2007 918 2040 this
949 2006 1087 2048 phrase,
1117 2006 1231 2038 which
1256 2017 1377 2039 occurs
1405 2006 1540 2039 several

332 2054 435 2087 times
462 2054 498 2086 in
523 2052 674 2087 Cicero’s
694 2051 833 2090 letters,
857 2050 899 2082 cf.
924 2049 1116 2089 Lehmann,
1142 2050 1194 2082 De
1217 2060 1293 2092 epp.
1314 2050 1363 2082 ad
1386 2049 1538 2087 Atticum

335 2096 558 2137 recensendi«,
579 2096 676 2136 1892,
695 2106 728 2139 p.
754 2095 826 2127 189.

335 2146 412 2180 330
