1572 2378
63 869 140 906 Scr.
164 866 203 905 in
232 866 327 905 Tus-

579 151 805 189 MARCUS
843 151 1089 191 TULLIUS
1129 153 1328 192 CICERO

348 245 529 290 potestas
556 253 638 278 non
667 242 732 287 sit,
758 253 850 278 cum
878 239 1025 279 Caesar
1051 243 1235 288 venerit;
1262 241 1316 281 de
1344 245 1458 282 cuius
1483 243 1567 282 ad·-

347 316 474 350 ventu
511 324 601 350 eam
637 314 871 362 opinionem
919 311 1132 351 Dolabella
1173 312 1312 362 habet,
1348 328 1472 367 quam
1506 320 1553 356 tu

347 385 620 421 coniecturam
639 383 814 422 faciebas
829 397 878 422 ex
894 383 1042 422 litteris
1063 385 1290 426 Messallae.
1337 385 1441 426 Cum
1457 386 1555 427 illuc

347 466 496 492 venero
524 454 860 507 intellexeroque,
879 456 977 507 quid
1001 459 1158 507 negotii
1176 460 1240 504 sit,
1261 463 1366 506 tum,
1384 458 1435 497 ad
1454 470 1554 512 quos

346 525 434 564 dies
455 526 658 565 rediturus
675 529 765 575 sim,
784 528 956 566 scribam
974 527 1027 566 ad
1045 533 1100 567 te.

932 689 972 727 X

740 790 880 815 CICERO
909 789 1051 815 ATTICO
1078 791 1158 817 SAL.

401 866 572 904 Minime
599 868 722 904 miror
749 871 792 904 te
822 871 865 904 et
892 869 1070 917 graviter
1095 866 1202 906 ferre
1221 867 1275 906 de
1296 868 1491 908 Marcello
1509 875 1554 909 et

61 921 192 960 culam
211 921 307 959 inter
346 938 461 989 plura
479 940 610 976 vereri
629 937 797 988 periculi
816 950 980 988 genera.
1032 937 1134 985 Quis
1152 941 1263 977 enim
1276 938 1355 977 hoc
1373 942 1552 989 timeret,

62 990 96 1014 (ι.
112 975 149 1015 d.
167 976 279 1014 XIII
295 980 329 1014 et

65 1030 326 1074 XIX-Quint·
346 1009 454 1062 quod
491 1022 626 1061 neque
663 1009 867 1047 acciderat
898 1014 1021 1048 antea
1052 1022 1130 1048 nec
1162 1009 1378 1050 videbatur
1407 1017 1553 1051 natura

61 1098 95 1122 α,
120 1086 196 1125 709

344 1081 450 1123 ferre
480 1086 527 1120 ut
552 1080 738 1119 ac'cidere
765 1081 931 1131 posset?
986 1080 1136 1119 Omnia
1163 1083 1289 1132 igitur
1315 1082 1550 1124 metuenda.

343 1151 426 1191 Sed
454 1152 556 1191 illud
581 1153 685 1203 παρὰ
712 1153 782 1203 τὴν
808 1151 990 1204 ἱστορίαν,
1018 1158 1064 1191 tu
1094 1155 1348 1203 praesertim,
1369 1167 1437 1193 me
1457 1155 1550 1194 reli·

342 1237 468 1276 quum
487 1223 749 1262 consularem.
799 1222 939 1271 Quid?
966 1224 1043 1262 tibi
1062 1224 1224 1263 Servius
1243 1224 1343 1276 quid
1360 1225 1550 1266 videtur?

343 1295 600 1347 Quamquam
619 1295 696 1333 hoc
715 1295 870 1333 nullam
887 1295 939 1334 ad
957 1282 1117 1347 partem
1135 1295 1245 1334 valet
1263 1295 1431 1346 scilicet,
1450 1297 1550 1337 mihi

343 1370 593 1418 praesertim,
628 1370 696 1418 qui
734 1381 816 1404 non
853 1369 987 1406 minus
1024 1367 1131 1406 bene
1167 1372 1305 1406 actum
1342 1382 1434 1408 cum
1470 1370 1550 1410 illis

344 1443 496 1488 putem.
555 1437 665 1485 Quid
685 1440 794 1475 enim
814 1450 951 1476 sumus
974 1443 1046 1476 aut
1068 1437 1165 1489 quid
1195 1451 1283 1477 esse
1310 1443 1550 1490 possumus?

343 1510 480 1548 domin
499 1523 552 1547 an
571 1509 695 1548 foris?
743 1508 943 1556 Quodnisi
961 1509 1062 1547 mihi
1080 1509 1157 1548 hoc
1177 1513 1357 1550 venisset
1373 1514 1416 1550 in
1434 1525 1550 1553 men-

342 1587 441 1628 tem,
460 1582 635 1620 seribere
655 1584 733 1619 ista
751 1583 888 1619 nescio
910 1593 1027 1632 quae,
1047 1593 1127 1633 quo
1146 1587 1348 1620 verterem
1366 1596 1445 1631 me,
1464 1597 1546 1623 non

342 1651 545 1690 haberem.

395 1723 462 1761 Ad
501 1722 769 1771 Dolabellam,
806 1727 854 1761 ut
889 1724 1040 1770 scribis,
1073 1726 1130 1762 ita
1166 1729 1267 1775 puto
1303 1723 1547 1775 faciendum,

342 1795 531 1845 κοινότερα
550 1794 749 1846 quaedam
769 1799 814 1833 et
832 1796 1111 1847 πολιτικώτερα.
1170 1795 1417 1835 Faciendum
1435 1802 1548 1837 certe

339 1865 493 1917 aliquid
522 1870 609 1911 est3
644 1865 760 1904 valde
789 1867 899 1904 enim
927 1865 1143 1904 desiderat.
1203 1865 1351 1905 Brutus
1384 1870 1418 1906 si
1449 1867 1547 1920 quid

340 1939 485 1987 egerit,
505 1936 675 1983 curabis,
696 1941 742 1974 ut
761 1939 907 1981 sciam3
937 1939 1000 1975 cui
1030 1936 1196 1988 quidem
1224 1951 1344 1990 quam
1372 1941 1545 1989 primum

339 2007 543 2057 agendum
572 2012 685 2058 puto,
711 2010 950 2059 praesertim
970 2010 1002 2045 si
1021 2010 1177 2047 statuit.
1235 2007 1546 2050 sermunculum

343 2139 419 2174 124
