1572 2378
557 143 786 182 MARCUS
824 143 994 182 TULLl
1002 143 1069 182 US
1109 143 1311 184 CICERO

325 235 523 271 temnere.
583 230 705 269 Putas
737 236 876 270 autem
912 244 980 270 me
1017 230 1189 270 voluisse
1227 231 1392 284 aliquid,
1424 233 1530 285 quod

326 301 556 353 perfectum
584 315 668 341 non
697 304 778 341 sit?
845 302 939 341 Non
969 302 1068 341 licet
1097 303 1253 342 scilicet
1284 306 1531 342 sententiam

325 386 452 421 suam,
480 373 554 412 sed
580 379 733 420 tamen,
762 387 866 425 quae
893 379 982 412 tum
1010 379 1100 411 acta
1129 379 1236 422 sunt,
1262 387 1345 413 non
1370 388 1531 426 possum

326 457 408 482 non
430 445 615 496 probare,
641 450 686 484 et
712 449 853 484 tamen
879 458 962 483 non
991 458 1131 483 curare
1159 445 1329 496 pulchre
1356 458 1532 498 possum,

325 517 444 554 sicuti
463 515 576 555 facio.
634 515 716 555 Sed
735 518 906 555 nimium
925 516 1055 555 multa
1073 516 1126 555 de
1145 520 1275 567 nugis.

879 690 979 729 XXI

721 785 861 811 cremo
891 785 1032 811 A‘rrxco
1049 775 1138 812 su„

42 862 119 901 Sor,
148 862 309 901 Asturae
382 856 445 894 Ad
487 856 669 895 Hirtium
706 856 899 895 dederam
937 855 1154 907 epistulam
1186 869 1283 896 sane
1318 856 1531 909 grandem,

42 917 65 954 Ῑ
70 916 107 954 V
125 917 176 956 Κ·
203 917 304 956 Semi·
325 941 446 979 quam
465 931 702 979 scripseram
722 929 903 979 proxime
921 929 965 965 in
983 927 1222 966 Tusculano.
1272 928 1396 977 Huic,
1410 942 1529 981 quam

40 991 73 1016 α·
99 978 176 1017 709
325 1005 370 1038 tu
408 999 509 1038 mihi
546 1002 702 1047 misisti,
734 1000 952 1038 rescribam
983 999 1091 1038 alias.
1151 999 1271 1039 Nunc
1301 999 1381 1039 alia
1411 1000 1527 1040 malo.

324 1071 435 1124 Quid
464 1083 625 1122 possum
645 1070 698 1108 de
717 1070 934 1121 Torquato,
954 1073 1030 1108 nisi
1057 1070 1210 1122 aliquid
1238 1084 1262 1108 a
1291 1070 1530 1111 Dolabella?

323 1142 444 1190 Quod
463 1142 581 1181 simul
601 1156 661 1190 ac,
681 1146 874 1180 continuo
893 1145 1039 1180 scietis.
1089 1142 1386 1193 Exspectabam
1410 1142 1530 1183 hodie

322 1219 394 1253 aut
412 1227 614 1253 summum
634 1227 719 1252 cras
738 1214 789 1251 ab
809 1227 858 1252 eo
878 1213 1132 1259 tabellarios3
1161 1215 1230 1265 qui
1259 1213 1378 1252 simul
1396 1227 1444 1252 ac
1461 1227 1530 1254 ve-

321 1288 470 1333 nerint,
489 1288 709 1324 mittentur
727 1284 779 1323 ad
798 1290 853 1323 te.
911 1284 948 1323 A
969 1284 1125 1332 Quinto
1145 1290 1348 1335 exspecto.
1409 1285 1529 1324 Profi-

321 1360 475 1396 ciscens
504 1359 614 1395 enim
643 1370 666 1395 e
694 1355 923 1394 Tusculano
951 1368 1020 1392 vm
1054 1355 1156 1403 Kal„
1175 1360 1224 1394 ut
1250 1358 1340 1404 scis,
1359 1358 1450 1395 misi
1475 1357 1528 1396 ad

320 1441 414 1467 eum
435 1427 676 1466 tabellarios.

376 1499 508 1550 Nunc,
531 1499 581 1536 ad
606 1512 691 1536 rem
716 1503 762 1536 ut
786 1497 963 1544 redeam,
984 1501 1010 1520 “
1021 1496 1243 1535 inhibere”
1267 1496 1370 1536 illud
1396 1502 1528 1546 tuum,

319 1569 428 1621 quod
443 1569 560 1607 valde
580 1568 679 1606 mihi
698 1569 908 1615 adriserat,
923 1567 1191 1606 vehementer
1204 1566 1404 1618 displicet.
1454 1567 1528 1608 Est

320 1643 428 1678 enim
445 1641 614 1678 verbum
627 1644 761 1678 totum
776 1641 995 1677 nauticum.
1035 1637 1291 1690 Quamquam
1306 1638 1348 1677 id
1361 1638 1527 1690 quidem

319 1711 510 1758 sciebam,
528 1710 601 1748 sed
620 1710 842 1748 arbitrabar
861 1711 1050 1748 sustineri
1071 1722 1215 1756 remOS,
1231 1721 1323 1748 cum
1341 1708 1526 1749 inhibere

319 1787 458 1821 essent
476 1784 650 1831 remiges
678 1783 784 1819 iussi.
844 1780 894 1819 Id
921 1793 1003 1818 non
1032 1793 1120 1818 esse
1151 1782 1238 1818 eius
1265 1779 1374 1819 modi
1402 1779 1525 1820 didici

317 1852 419 1899 heri,
436 1865 527 1890 cum
547 1852 599 1890 ad
614 1851 750 1889 villam
769 1856 949 1890 nostram
969 1853 1081 1888 navis
1096 1850 1382 1901 appelleretur.
1432 1851 1525 1891 Non

317 1926 426 1962 enim
446 1925 663 1970 sustinent,
683 1921 755 1960 sed
770 1922 848 1960 alio
863 1921 984 1960 modo
1003 1924 1216 1972 remigant.
1267 1921 1317 1960 Id
1334 1922 1386 1960 ab
1405 1923 1525 1976 ἐποχῇ

317 1997 643 2033 remotissumum
664 1999 737 2032 est.
796 1992 932 2040 Quare
951 1992 1087 2039 facies,
1109 1997 1161 2030 utv
1178 1994 1235 2030 ita
1258 1995 1311 2030 sit
1338 1995 1381 2030 in
1408 1992 1522 2040 libro,

317 2079 440 2118 quem
463 2065 515 2104 ad
542 2065 708 2104 modum
735 2064 824 2103 fuit.
885 2064 1007 2102 Dices
1036 2063 1111 2101 hoc
1140 2063 1249 2101 idem
1279 2063 1461 2111 Varroni,
1487 2065 1522 2103 si

323 2124 399 2158 144
