1572 2378
550 150 777 190 MARCUS
816 149 1062 188 TULLIUS
1100 148 1302 187 CICERO

319 243 497 279 rationes
518 244 676 278 nostras
701 240 980 289 sumptuarias.
1037 237 1174 288 Turpe
1193 241 1258 275 est
1279 238 1389 274 enim
1411 235 1524 278 nobis

320 311 450 358 illum,
468 310 773 362 qualiscumque
793 314 870 356 est,
885 308 962 347 hoc
981 310 1112 359 primo
1125 320 1233 345 anno
1248 319 1382 358 egere.
1431 305 1528 345 Post

321 383 621 421 moderabimur
639 381 891 432 diligentius.
952 379 1068 419 Idem
1095 378 1234 418 Pollex
1256 375 1527 418 remittendus

322 459 398 501 est,
415 459 461 492 ut
478 453 548 492 ille
568 458 719 491 cernat.
780 452 905 490 Plane
926 451 1116 490 Puteolos
1134 463 1218 489 non
1235 449 1316 488 fuit
1334 448 1527 496 eundum,

321 537 415 564 cum
433 525 485 563 ob
505 537 565 571 ea,
585 537 689 575 quae
707 523 760 562 ad
778 529 822 562 te
842 525 994 574 scripsi,
1009 527 1097 560 tum
1112 521 1220 573 quod
1240 520 1385 559 Caesar
1397 519 1525 560 adest,

323 595 536 634 Dolabella
555 596 694 633 scribit
713 608 757 633 se
775 594 826 632 ad
849 607 916 632 me
940 592 1135 644 postridie
1159 592 1266 631 Idus.
1325 590 1364 630 O
1381 592 1528 643 magis-

322 672 431 706 trum
451 666 690 704 molestum!

838 851 1018 889 XLVIIa

722 945 862 970 CICERO
891 944 1031 969 ATTICO
1061 945 1138 969 SAL.

43 1019 122 1057 Ser.
149 1019 311 1057 Asturae
382 1013 561 1065 Lepidus
589 1013 641 1051 ad
669 1026 735 1051 me
764 1013 852 1051 heri
882 1015 1039 1062 vesperi
1068 1011 1225 1050 litteras
1253 1014 1364 1050 misit
1390 1011 1527 1049 Antio.

46 1072 117 1111 ῙῙῙ
134 1072 182 1111 K·
209 1072 306 1111 '5⁶²2-
330 1086 433 1124 Nam
452 1085 508 1123 ibi
529 1090 626 1123 erat.
677 1084 819 1122 Habet
838 1086 947 1122 enim
966 1083 1145 1131 domum,
1165 1096 1286 1134 quam
1305 1095 1378 1121 nos
1397 1081 1533 1121 vendi-

44 1141 78 1166 (ι.
99 1128 180 1167 709

327 1158 470 1195 dimus.
531 1156 662 1207 Rogat
680 1168 830 1206 magno
848 1168 985 1206 opere,
1004 1159 1053 1193 ut
1079 1157 1154 1193 sim
1184 1153 1272 1193 Kal.
1293 1157 1336 1192 in
1364 1158 1532 1199 senatun

327 1241 393 1266 me
413 1232 457 1266 et
475 1228 552 1265 sibi
572 1232 616 1265 et
635 1226 794 1265 Caesari
814 1225 1082 1264 vehementer
1098 1229 1260 1276 gratum
1289 1237 1378 1263 esse
1403 1223 1534 1263 factu-

326 1313 428 1338 rum.
487 1298 591 1337 Puto
615 1298 805 1350 equidem
827 1297 928 1335 nihil
953 1310 1052 1336 esse.
1112 1296 1294 1336 Dixisset
1320 1299 1431 1335 enim
1457 1296 1533 1336 tibi

327 1371 496 1410 fortasse
526 1370 678 1421 aliquid
709 1369 879 1420 Oppius,
909 1371 1099 1420 quoniam
1130 1368 1278 1407 Balbus
1306 1373 1371 1407 est
1398 1380 1532 1420 aeger.

328 1442 408 1481 Sed
438 1447 578 1481 tamen
606 1441 729 1479 malui
759 1444 898 1479 venire
926 1439 1076 1479 frustra
1102 1453 1223 1492 quam
1251 1439 1485 1487 desiderari,
1501 1441 1535 1478 si

328 1527 428 1565 opus
459 1519 578 1552 esset.
638 1512 814 1551 Moleste
845 1511 993 1550 ferrem
1025 1517 1178 1563 postea.
1237 1511 1382 1563 Itaque
1413 1510 1536 1550 hodie

330 1585 443 1632 Anti,
472 1598 557 1623 cras
586 1590 683 1623 ante
711 1583 924 1622 meridiem
953 1583 1075 1622 domi.
1133 1583 1194 1622 Tu
1223 1582 1357 1629 velim,
1386 1585 1463 1621 nisi
1491 1588 1535 1622 te

328 1656 589 1707 impedivisti‚
607 1655 715 1707 apud
737 1668 810 1692 nos
830 1668 887 1705 pr.
913 1654 1000 1692 Kal.
1022 1667 1115 1692 cum
1137 1654 1245 1692 Pilia.

383 1728 442 1766 Te
462 1740 580 1779 spero
599 1740 690 1764 cum
723 1725 895 1764 Publilio
923 1724 1157 1764 confecisse.
1215 1724 1416 1777 Equidem
1446 1724 1533 1763 Kal.

329 1801 372 1837 in
383 1798 658 1837 Tusculanum
670 1810 873 1836 recurram
887 1810 897 1843 ;
916 1810 982 1835 me
996 1799 1106 1835 enim
1116 1796 1287 1835 absente
1299 1799 1434 1835 omnia
1445 1809 1536 1835 cum

329 1870 407 1908 illis
439 1871 609 1920 transigi
639 1868 755 1906 malo.
815 1867 960 1916 Quinti
994 1867 1128 1906 fratris
1161 1867 1377 1918 epistulam
1409 1867 1462 1906 ad
1492 1872 1536 1907 ω

330 1944 433 1990 misi,
452 1953 535 1979 non
554 1942 650 1979 satis
679 1939 856 1978 humane
885 1938 996 1977 illam
1023 1938 1190 1991 quidem
1220 1938 1535 1990 respondentem

329 2015 430 2051 meis
448 2012 611 2060 litteris,
629 2011 699 2050 sed
721 2016 858 2049 tamen
878 2010 987 2062 quod
1006 2011 1081 2049 tibi
1101 2012 1198 2048 satis
1209 2013 1276 2059 sit,
1288 2015 1335 2049 ut
1346 2009 1534 2057 equidem

329 2086 527 2122 existimo.
585 2082 647 2121 Tu
668 2082 831 2121 videbis.

331 2142 410 2176 204
