1572 2378
552 131 779 171 MARCUS
817 131 1062 171 TULLIUS
1101 132 1303 171 CICERO

324 221 551 273 Capitolino
575 220 643 260 die
667 220 819 259 debere
841 228 1029 259 senatum
1048 223 1090 259 in
1111 221 1354 272 Capitolium
1372 235 1396 260 a
1413 234 1528 274 prae-

324 289 478 327 toribus
497 288 656 326 vocari?
706 287 759 325 Di
779 286 1039 334 immortales,
1058 300 1162 339 quae
1180 293 1269 326 tum
1287 301 1410 339 opera
1427 288 1528 328 effici

323 359 546 406 potuerunt
563 353 811 392 laetantibus
826 353 1012 391 omnibus
1032 353 1161 400 bonis,
1176 356 1300 392 etiam
1319 359 1382 393 sat
1400 355 1528 402 bonis,

323 420 460 458 fractis
484 419 732 458 latronibus!
780 418 980 457 Liberalia
1005 424 1050 457 tu
1077 432 1250 458 accusas.
1308 419 1418 467 Quid
1443 419 1527 459 fieri

324 492 411 525 tum
439 486 602 536 potuit?
636 488 716 523 iam
744 484 903 536 pridem
931 487 1189 535 perieramus.
1250 485 1528 525 Meministine

325 558 366 591 te
396 552 569 590 clamare
601 564 762 589 causam
795 553 961 601 perisse,
992 553 1025 588 si
1057 549 1202 589 funere
1233 551 1363 590 elatus
1392 553 1528 591 esset?

325 618 382 656 At
403 617 474 655 ille
496 619 621 655 etiam
643 619 687 653 in
709 615 794 654 foro
813 617 1061 663 combustus,
1080 615 1348 668 laudatusque
1366 619 1528 656 misera-

324 682 472 730 biliter,
488 684 673 732 servique
689 686 732 719 et
747 686 919 732 egentes
933 683 976 718 in
991 686 1103 719 tecta
1116 686 1255 720 nostra
1269 695 1361 720 cum
1374 681 1529 722 facibus

324 750 500 787 immissi.
558 746 674 795 Quae
693 746 873 785 deinde?
902 752 950 785 ut
977 746 1158 785 audeant
1185 747 1346 786 dicere:
1375 747 1528 788 “Tune

324 819 464 852 contra
493 812 672 851 Caesaris
700 812 913 851 nutum?’'
973 813 1089 851 Haec
1120 818 1164 851 et
1196 812 1274 850 alia
1306 813 1414 852 ferre
1445 827 1528 853 non

324 893 495 931 possum.
555 878 699 930 Itaque
729 882 755 901 “
764 881 836 930 γῆν
863 879 936 929 πρὸ
963 881 1032 930 γῆς
1045 878 1067 891 ”
1098 881 1258 930 cogito;
1291 884 1363 918 tua
1389 885 1528 919 tamen

323 947 531 997 ὑπηνέμιος.

377 1012 539 1050 Nausea
556 1013 690 1049 iamne
713 1010 835 1062 plane
858 1011 985 1048 abiit?
1045 1010 1148 1048 Mihi
1177 1010 1342 1063 quidem
1370 1025 1421 1050 ex
1447 1014 1529 1051 tuis

322 1078 470 1116 litteris
489 1078 738 1115 coniectanti
757 1078 814 1113 ita
833 1075 1058 1114 videbatur.
1093 1075 1231 1114 Redeo
1249 1075 1301 1115 ad
1320 1076 1528 1126 Tebassos,

323 1143 506 1190 Scaevas,
526 1141 770 1192 Frangones.
831 1141 920 1178 Hos
949 1146 994 1178 tu
1024 1143 1229 1180 existimas
1256 1141 1460 1182 confidere
1484 1155 1529 1182 se

322 1209 391 1247 illa
409 1209 617 1246 habituros
637 1207 840 1245 stantibus
859 1207 1002 1244 nobis?
1031 1209 1073 1244 in
1093 1207 1237 1258 quibus
1260 1207 1351 1259 plus
1369 1209 1530 1247 virtutis

321 1279 530 1326 putarunt,
567 1286 689 1326 quam
727 1275 886 1323 experti
928 1277 1034 1311 sunt.
1114 1272 1225 1311 Pacis
1265 1275 1334 1312 isti
1374 1273 1530 1313 scilicet

320 1346 520 1379 amatores
553 1344 597 1378 et
629 1352 712 1377 non
746 1338 945 1376 latrocinii
974 1343 1171 1377 auctores.
1230 1338 1289 1377 At
1317 1352 1409 1390 ego,
1438 1352 1529 1379 cum

322 1406 396 1444 tibi
415 1405 468 1444 de
485 1404 654 1443 Curtilio
673 1406 813 1455 scripsi
834 1402 1139 1455 Sextilianoque
1158 1402 1299 1450 fundo,
1317 1405 1458 1455 scripsi
1475 1404 1528 1444 de

321 1471 555 1518 Censorino,
581 1470 634 1508 de
664 1468 866 1516 Messalla,
893 1468 946 1507 de
977 1469 1139 1516 Planco,
1161 1469 1214 1507 de
1244 1469 1448 1518 Postumo,
1476 1470 1529 1510 de

321 1549 474 1588 genere
492 1541 593 1574 toto.
645 1535 794 1573 Melius
812 1534 892 1573 fuit
911 1537 1062 1585 perisse
1082 1535 1152 1572 illo
1170 1535 1401 1583 interfecto,
1421 1535 1528 1587 quod

321 1615 541 1653 numquam
561 1600 786 1648 accidisset,
807 1613 928 1651 quam
947 1599 1048 1638 haec
1067 1600 1215 1638 videre.

374 1667 569 1706 Octavius
589 1665 804 1717 Neapolim
823 1667 936 1704 venit
957 1678 1042 1702 xnu
1066 1665 1151 1703 Kal.
1186 1665 1248 1704 Ibi
1268 1678 1360 1704 eum
1380 1666 1528 1706 Balbus

364 1815 376 1835 ¹
398 1815 472 1848 The
495 1814 694 1847 murderers
715 1814 754 1847 of
782 1812 912 1847 caesar
933 1813 1140 1847 barricaded
1163 1814 1375 1848 themselves
1397 1826 1443 1849 on
1465 1816 1527 1850 the

321 1859 463 1902 Capitol
489 1859 583 1891 after
609 1858 670 1891 the
694 1857 848 1898 murder,
866 1857 937 1890 aud
965 1869 1056 1891 were
1081 1857 1212 1892 visited
1236 1858 1284 1902 by
1309 1858 1432 1893 Cicero
1455 1859 1526 1894 and

321 1903 454 1980 othere&
476 1956 498 1979 a
520 1946 675 1989 meeting
697 1944 734 1977 of
756 1945 819 1978 the
843 1944 969 1979 Senate
985 1956 1029 1978 on
1047 1945 1171 1978 March
1190 1945 1229 1980 17
1245 1946 1276 1979 it
1291 1956 1364 1979 was
1378 1945 1525 1981 deon-eod

320 1990 400 2023 that
415 1989 572 2024 Caesar’s
587 1994 667 2022 acta
682 1988 810 2021 should
832 1989 876 2022 be
891 1988 1094 2029 confirmed,
1112 1989 1195 2022 that
1218 1989 1262 2022 he
1285 1989 1412 2023 should
1435 1989 1525 2024 have

318 2045 339 2066 a
353 2033 474 2077 public
491 2033 641 2073 funeral,
659 2031 731 2065 and
747 2032 829 2065 that
845 2032 900 2065 his
916 2033 990 2065 will
1006 2032 1132 2067 should
1153 2032 1197 2065 be
1212 2032 1305 2066 read.

360 2077 374 2097 ³
396 2077 540 2110 Greece.

322 2125 399 2159 234
