1572 2378
561 155 642 192 MA
651 153 787 192 RCUS
825 153 1070 192 TULLIUS
1111 153 1313 192 CICERO

330 242 438 292 quod
461 245 536 294 ipsi
558 243 869 293 Agamemnoni,
898 253 1042 291 regum
1072 243 1172 291 regi,
1200 240 1280 279 fuit
1306 239 1537 288 honestum,

332 308 479 347 habere
497 309 674 359 aliquem
693 310 735 345 in
755 306 931 345 consiliis
956 306 1163 357 capiendis
1192 307 1421 354 Nestorem,
1437 306 1538 345 mihi

330 387 423 413 vero
440 374 659 426 gloriosum
678 378 722 413 te
741 376 931 411 iuvenem
951 371 1157 410 consulem
1180 371 1323 410 florere
1351 371 1537 411 laudibus

328 443 440 491 quasi
457 440 667 478 alumnum
686 438 923 490 disciplinae
943 451 1069 476 meae.
1127 437 1171 476 L.
1193 437 1358 490 quidem
1379 437 1536 487 Caesar,

327 519 419 544 cum
447 506 499 544 ad
530 519 623 544 eum
654 510 867 555 aegrotum
906 504 1120 554 Neapolim
1153 506 1366 550 venissem,
1396 517 1537 556 quam-

327 585 446 623 quam
467 577 555 610 erat
572 584 787 622 oppressus
805 572 932 608 totius
952 572 1127 620 eorporis
1146 569 1364 618 doloribus,
1381 575 1535 618 tamen,

325 643 545 690 antequam
563 651 630 675 me
649 629 771 688 plane
793 635 995 682 salutavit,
1017 639 1042 657 “
1054 635 1092 674 O
1112 638 1166 673 mi
1189 635 1367 683 Cicero,”
1387 638 1534 687 inquit,

327 702 544 755 “gratulor
567 703 656 749 tibi,
681 715 773 739 cum
801 706 964 740 tantum
993 700 1101 739 vales
1128 700 1237 751 apud
1266 700 1534 750 Dolabellam,

324 774 522 820 quantum
541 771 573 806 si
593 781 671 819 ego
689 767 798 818 apud
817 769 959 805 sororis
979 766 1105 804 filium
1128 766 1319 814 valerem,
1336 770 1416 806 iam
1435 767 1534 807 salvi

325 848 412 874 esse
439 847 659 886 possemus.
719 832 956 871 Dolabellae
985 845 1080 870 vero
1107 836 1180 870 tuo
1208 837 1252 870 et
1281 832 1462 882 gratulor
1489 839 1534 872 et

323 903 473 952 gratias
490 913 592 952 ago3
620 913 743 952 quem
773 898 939 951 quidem
968 903 1062 949 post
1089 903 1134 937 te
1165 898 1374 937 consulem
1402 898 1531 938 solum

323 979 533 1018 possumus
569 978 663 1004 vere
700 963 908 1002 consulem
945 962 1122 1001 dicere.'’
1181 962 1288 1001 Dein
1320 963 1451 1002 multa
1477 963 1531 1004 de

323 1033 430 1071 facto
456 1045 504 1069 ac
532 1031 585 1070 de
612 1043 657 1069 re
685 1035 802 1081 gesta
827 1034 921 1074 tua3
949 1028 1052 1066 nihil
1071 1027 1409 1079 magnificentius,
1429 1028 1531 1068 nihil

322 1097 563 1149 praeclarius
591 1101 728 1134 actum
758 1108 962 1146 umquam,
992 1093 1094 1131 nihil
1123 1097 1182 1132 rei
1211 1094 1397 1145 publicae
1427 1095 1530 1134 salu-

322 1167 456 1202 tarius.
504 1163 644 1214 Atque
659 1161 760 1199 haec
775 1174 856 1199 una
871 1173 946 1197 vox
961 1162 1143 1197 omnium
1157 1165 1231 1198 est.
1281 1160 1319 1198 A
1333 1165 1377 1198 te
1391 1166 1529 1200 autem

259 1244 261 1246 ·
321 1236 429 1281 peto,
458 1235 506 1268 ut
532 1241 600 1267 me
627 1228 732 1266 hanc
761 1228 874 1278 quasi
902 1226 1043 1264 falsam
1073 1225 1346 1264 hereditatem
1372 1226 1529 1266 alienae

319 1297 470 1347 gloriae
497 1298 604 1333 sinas
632 1306 798 1332 cernere
817 1305 966 1343 meque
986 1292 1120 1343 aliqua
1139 1304 1188 1330 ex
1209 1296 1324 1342 parte
1342 1294 1385 1330 in
1403 1295 1528 1331 socie-

320 1367 448 1401 tatem
478 1367 639 1399 tuarum
668 1359 832 1397 laudum
863 1360 1002 1396 venire
1035 1360 1199 1407 patiare.
1259 1349 1527 1409 Quamquam,

318 1431 373 1466 mi
390 1426 614 1473 Dolabella,
631 1425 749 1475 (haec
765 1427 874 1463 enim
888 1426 1044 1462 iocatus
1057 1423 1162 1473 sum)
1180 1423 1373 1462 libentius
1387 1437 1528 1464 omnes

318 1507 440 1539 meas,
460 1495 492 1531 si
510 1492 632 1530 modo
651 1496 748 1530 sunt
765 1490 924 1541 aliquae
947 1501 1062 1527 meae
1090 1488 1244 1536 laudes,
1261 1488 1313 1526 ad
1334 1494 1376 1527 te
1395 1494 1526 1529 trans-

318 1559 492 1598 fuderim
521 1571 642 1610 quam
671 1556 847 1607 aliquam
877 1560 1034 1605 partem
1065 1554 1320 1592 exhauserim
1351 1567 1401 1593 ex
1431 1557 1522 1595 tuis.

318 1625 435 1672 Nam,
454 1636 547 1662 cum
565 1628 609 1661 te
629 1634 790 1673 semper
817 1625 978 1659 tantum
1007 1619 1233 1667 dilexerim,
1261 1624 1460 1671 quantum
1477 1625 1524 1660 tu

316 1690 558 1740 intellegere
580 1689 763 1739 potuisti,
787 1692 876 1725 tum
904 1685 966 1723 his
994 1687 1075 1723 tuis
1105 1683 1222 1723 factis
1249 1687 1307 1724 sic
1335 1687 1525 1725 incensus

315 1770 414 1802 sum,
446 1760 494 1793 ut
525 1753 627 1792 nihil
660 1765 852 1804 umquam
888 1753 932 1788 in
968 1763 1103 1788 amore
1140 1750 1266 1789 fuerit
1300 1750 1520 1792 ardentius.

317 1821 429 1860 Nihil
456 1825 521 1859 est
549 1821 672 1866 enim,
699 1817 800 1855 mihi
828 1816 965 1863 crede,
992 1819 1144 1854 virtute
1172 1814 1396 1863 formosius,
1419 1816 1522 1855 nihil

315 1886 533 1938 pulchrius,
563 1883 664 1922 nihil
695 1881 915 1920 amabilius.
984 1880 1154 1931 Semper
1183 1883 1325 1927 amavi,
1354 1885 1403 1919 ut
1431 1883 1521 1930 seis,

316 1953 370 1991 M.
394 1952 565 1990 Brutum
583 1954 750 2001 propter
768 1951 854 1986 eius
873 1960 1073 1985 summum
1096 1948 1318 1998 ingenium,
1337 1949 1520 1986 suavissi-

313 2031 398 2056 mos
412 2029 557 2063 mores,
572 2014 817 2066 singularem
833 2012 1079 2064 probitatem
1093 2016 1217 2063 atque
1237 2014 1516 2052 constantiam.

312 2139 389 2180 268
