1572 2378
52 458 130 497 Scr.
147 457 265 510 paulo

567 168 649 205 MA
658 168 793 207 RCUS
830 168 1074 208 TULLIUS
1112 170 1312 209 CICERO

878 302 950 338 XV
959 302 1010 339 lb

559 393 698 419 ciet-:no
728 394 876 418 PLANCO
907 394 1044 420 PRAET.
1079 395 1200 420 nasus.
1234 394 1311 420 sm„

392 459 475 498 Iam
496 465 616 498 antea
638 463 764 511 petivi
786 461 857 498 abs
881 466 922 498 te
945 473 1018 511 per
1040 461 1210 508 litteras,
1229 466 1290 508 ut,
1309 474 1401 499 cum
1423 473 1540 510 eausa

53 517 136 564 7²⁰³!
161 525 217 564 ⁶1³·
239 512 317 550 16ss
337 525 641 563 Buthrotiorum
670 526 838 576 probata
865 539 888 562 a
916 526 1148 564 consulibus
1176 530 1299 574 esset,
1327 527 1471 578 quibus
1495 532 1542 565 et

335 592 428 642 lege
465 596 510 629 et
546 597 711 629 senatus
755 591 940 629 consulto
983 594 1223 642 permissum
1264 597 1365 640 erat,
1407 597 1455 632 ut
1490 592 1542 631 de

335 657 512 694 Caesaris
545 660 645 694 actis
682 662 989 707 cognoscerent,
1023 662 1268 706 statuerent,
1301 657 1542 706 iudicarent,

336 735 424 760 eam
444 736 530 760 rem
549 727 594 760 tu
615 722 837 768 adiuvares,
858 722 1124 774 Atticumque
1150 728 1346 771 nostrum,
1367 727 1480 763 cuius
1498 729 1542 764 te

337 788 561 826 studiosum
593 791 777 838 cognovi,
810 794 854 826 et
886 801 965 835 me,
999 792 1067 840 qui
1105 802 1186 826 non
1224 792 1356 828 minus
1394 790 1542 837 laboro,

337 853 522 891 molestia
539 853 743 891 liberares.
792 852 993 891 Omnibus
1011 856 1121 891 enim
1141 854 1261 892 rebus
1275 854 1542 906 magnacum,

337 920 466 958 multa
494 933 615 970 opera
641 925 684 957 et
710 920 844 957 labore
864 919 1062 958 confectis
1081 922 1123 957 in
1142 924 1187 958 te
1205 923 1382 971 positum
1402 925 1479 970 est,
1497 927 1540 960 ut

338 991 498 1023 nostrae
514 985 796 1023 sollicitudinis
812 985 935 1023 finem
946 998 1066 1037 quam
1082 988 1257 1036 primum
1271 985 1406 1025 facere
1421 990 1542 1037 possi-

337 1065 437 1089 mus.
496 1050 757 1102 Quamquam
780 1050 1057 1101 intellegimus
1078 1064 1125 1088 ea
1143 1055 1187 1088 te
1207 1063 1295 1089 esse
1315 1051 1542 1102 prudentia,

339 1121 386 1154 ut
413 1116 562 1163 videas,
591 1118 623 1154 si
652 1129 700 1153 ea
727 1115 894 1153 decreta
921 1114 1145 1162 consulum,
1171 1129 1275 1167 quae
1294 1116 1347 1154 de
1367 1116 1545 1156 Caesaris

338 1183 438 1218 actis
457 1182 696 1231 interposita
715 1185 824 1226 sunt,
839 1192 921 1217 non
936 1185 1161 1227 serventur,
1178 1193 1367 1230 magnam
1387 1185 1544 1232 pertur-

340 1247 546 1284 bationem
578 1258 711 1283 rerum
741 1245 838 1283 fore.
898 1245 1112 1296 Equidem,
1143 1258 1236 1283 cum
1266 1245 1407 1294 multa,
1437 1247 1543 1299 quod

340 1325 506 1350 necesse
539 1317 628 1350 erat
659 1314 701 1349 in
733 1316 850 1350 tanta
882 1314 1160 1361 occupatione,
1193 1323 1275 1349 non
1308 1312 1544 1362 probentur,

339 1391 443 1429 quae
464 1377 607 1415 Caesar
625 1380 828 1424 statuerit,
842 1382 980 1415 tamen
1001 1380 1071 1414 otii
1093 1380 1282 1428 pacisque
1302 1390 1420 1416 causa
1436 1391 1546 1416 acer-

343 1446 442 1481 rime
471 1443 540 1480 illa
570 1442 680 1480 soleo
709 1442 943 1481 defendere.
1004 1442 1124 1489 Quod
1155 1442 1230 1480 tibi
1260 1442 1371 1480 idem
1400 1456 1547 1494 magno

343 1521 466 1560 opere
495 1507 727 1546 faciendum
760 1521 930 1553 censeo3
970 1521 1211 1559 quamquam
1246 1507 1346 1545 haec
1374 1507 1547 1559 epistula

345 1588 424 1612 non
456 1577 626 1612 suasoris
655 1579 731 1619 est,
762 1573 832 1611 sed
865 1575 1070 1623 rogator-is.
1131 1572 1272 1623 Igitur,
1302 1575 1356 1610 mi
1388 1572 1548 1622 Plance,

345 1653 442 1690 rogo
462 1645 504 1677 te
524 1644 568 1677 et
586 1642 709 1676 etiam
729 1644 852 1690 atque
872 1641 994 1676 etiam
1014 1650 1084 1675 oro
1102 1640 1159 1675 sic
1177 1637 1335 1676 medius
1354 1637 1483 1687 fidius,
1501 1629 1549 1678 ut

344 1708 493 1743 maiore
513 1705 648 1743 studio
667 1707 876 1755 magisque
896 1717 946 1742 ex
965 1706 1100 1741 animo
1126 1715 1248 1754 agere
1276 1716 1358 1741 non
1388 1707 1549 1755 possim,

343 1776 390 1808 ut
417 1775 550 1807 totum
579 1769 655 1807 hoc
683 1771 894 1819 negotium
914 1771 972 1806 ita
990 1781 1098 1818 agaS,
1117 1770 1176 1806 ita
1193 1772 1359 1815 tractes,
1378 1771 1435 1807 ita
1454 1779 1549 1809 enn-

343 1836 463 1882 ficias‚
492 1840 551 1881 ut,
580 1834 687 1886 quod
717 1837 804 1872 sine
834 1834 916 1872 ulla
943 1833 1200 1872 dubitatione
1227 1833 1335 1884 apud
1365 1833 1564 1890 consulet*

342 1902 590 1939 obtinuimus
605 1905 772 1951 propter
784 1912 981 1937 summam
1002 1900 1226 1936 bonitatem
1243 1903 1286 1937 et
1300 1901 1548 1950 aequitatem
1567 1888 1572 1906 ³

343 1981 500 2014 causae,
519 1966 559 2004 id
580 1972 624 2004 tu
646 1979 718 2004 nos
738 1965 961 2003 obtinuisse
982 1978 1063 2002 non
1083 1963 1205 2002 modo
1233 1963 1351 2002 facile
1380 1954 1550 2015 patiare,
1570 1984 1572 1986 ·

343 2032 414 2072 sed
440 2035 563 2070 etiam
590 2031 776 2081 gaudeas.
836 2030 927 2078 Qua
956 2029 1120 2081 quidem
1150 2029 1359 2067 voluntate
1388 2034 1431 2068 te
1460 2023 1568 2068 esse

345 2111 441 2148 erga
463 2097 645 2135 Atticum
666 2110 786 2147 saepe
807 2107 996 2146 praesens
1016 2101 1059 2133 et
1079 2094 1135 2131 illi
1157 2093 1371 2132 ostendisti
1392 2099 1436 2131 ct
1456 2105 1549 2133 vero

347 2156 424 2191 432
