1572 2378
571 151 797 190 MARCUS
834 151 1079 190 TULLIUS
1117 151 1318 191 CICERO

340 243 439 283 trae,
468 241 708 289 praesertim
735 238 962 278 adversario
984 245 1028 278 et
1050 239 1197 290 cupido
1215 245 1260 279 et
1277 239 1483 291 locuplete
1501 245 1543 279 et

339 303 504 344 herede.
564 304 794 343 Proximum
824 310 900 352 est,
931 310 979 344 ut
1009 306 1130 344 velim
1161 305 1336 345 Clodiae.
1394 305 1491 354 Sed,
1511 309 1542 344 si

339 373 417 408 ista
445 373 579 408 minus
609 370 751 409 confici
780 377 962 422 possunt,
993 372 1106 410 effice
1138 371 1307 423 quidvis.
1365 371 1455 424 Ego
1476 384 1543 412 me

339 436 489 471 maiore
525 433 736 485 religione,
768 447 890 485 quam
927 437 1139 486 quisquam
1175 434 1256 473 fuit
1291 435 1412 474 ullius
1447 437 1544 484 voti,

338 500 578 541 obstrictum
615 505 727 551 puto.
786 499 952 539 Videbis
990 504 1114 539 etiam
1150 501 1438 550 Trebonianos,
1467 505 1544 542 etsi

338 565 487 603 absunt
505 565 670 604 domini.
728 565 825 612 Sed,
847 571 895 605 ut
916 565 968 604 ad
991 571 1035 605 te
1058 565 1148 605 heri
1169 569 1323 618 scripsi,
1342 566 1543 607 consider-

338 632 423 669 abis
443 634 568 669 etiam
586 631 639 670 de
657 631 898 679 Tusculano,
913 645 966 671 ne
981 637 1113 671 aestas
1128 632 1287 679 effluam
1311 633 1421 686 quod
1433 638 1544 673 certe

339 711 421 735 non
441 702 505 736 est
524 697 874 737 committendum.

878 854 1012 892 XLIV

735 950 876 976 CICERO
906 949 1046 975 A'r'rlco
1075 951 1116 975 SA
1123 951 1153 975 L.

58 1026 136 1065 Scr.
165 1026 325 1063 Asturae
398 1022 451 1060 Et
473 1023 655 1059 Hirtium
673 1020 826 1072 aliquid
845 1020 896 1058 ad
915 1025 959 1058 te
978 1021 1184 1070 συμπαθῶς
1196 1020 1249 1059 de
1263 1034 1330 1059 me
1344 1023 1546 1073 scripsisse

60 1080 128 1118 ῙῙῙ
147 1080 204 1118 Id·
227 1079 323 1117 ΒΜ·
343 1087 461 1125 facile
480 1089 612 1138 patior
633 1085 748 1136 (fecit
767 1088 876 1124 enim
896 1085 1087 1136 humane)
1110 1091 1154 1124 et
1167 1091 1211 1124 te
1227 1088 1313 1124 eius
1332 1085 1546 1137 epistulam

58 1149 93 1173 a.
119 1136 196 1174 709

341 1152 394 1191 ad
425 1166 493 1191 me
525 1165 608 1190 non
639 1155 795 1190 misisse
826 1151 958 1190 multo
987 1151 1169 1198 facilius3
1206 1157 1253 1190 tu
1285 1155 1394 1190 enim
1423 1154 1546 1191 etiam

342 1218 567 1259 humanius.
626 1218 740 1256 Illius
758 1218 919 1265 librum,
938 1230 1060 1269 quem
1085 1217 1136 1256 ad
1159 1230 1227 1256 me
1254 1220 1367 1256 misit
1392 1217 1446 1256 de
1473 1217 1546 1256 Ca-

341 1290 452 1332 tone,
473 1289 690 1335 propterea
708 1283 799 1322 volo
824 1283 1025 1335 divulgari
1051 1297 1076 1321 a
1102 1285 1196 1331 tuis,
1225 1287 1273 1322 ut
1300 1296 1351 1322 ex
1378 1285 1546 1322 istorum

342 1352 641 1401 vituperatione
660 1352 714 1388 sit
732 1349 839 1387 illius
859 1351 986 1387 maior
1003 1348 1194 1387 laudatio.

397 1415 519 1464 Quod
551 1428 625 1467 per
658 1414 879 1453 Mustelam
909 1417 1008 1465 agis,
1038 1414 1164 1453 habes
1193 1414 1401 1453 hominem
1429 1413 1547 1453 valde

342 1483 535 1522 idoneum
549 1483 712 1533 meique
727 1493 823 1519 sane
838 1480 1063 1519 studiosum
1082 1483 1162 1518 iam
1180 1479 1278 1519 inde
1296 1493 1321 1518 a
1338 1479 1545 1519 Pontiano.

346 1548 495 1586 Perfice
533 1550 659 1598 igitur
694 1546 857 1598 aliquid.
925 1545 1036 1593 Quid
1066 1551 1204 1584 autem
1235 1545 1361 1593 aliud,
1393 1547 1470 1584 nisi
1501 1551 1548 1584 ut

341 1614 476 1652 aditus
495 1616 549 1652 sit
563 1614 765 1663 emptori?
794 1611 902 1664 quod
917 1625 991 1662 per
1004 1613 1187 1663 quemvis
1202 1610 1397 1650 heredem
1412 1615 1548 1662 potest

344 1679 455 1717 effici.
504 1677 587 1716 Sed
607 1676 827 1716 Mustelam
842 1676 883 1714 id
903 1675 1193 1727 perfecturum,
1208 1678 1241 1714 si
1255 1677 1420 1726 rogaris,
1434 1679 1545 1726 puto·

347 1744 448 1783 Mihi
468 1756 563 1782 vero
581 1748 626 1782 et
643 1742 791 1789 locum,
810 1755 933 1794 quem
952 1747 1063 1793 opto,
1077 1741 1130 1780 ad
1149 1741 1204 1789 id,
1224 1741 1334 1793 quod
1352 1740 1548 1788 volumuS,

343 1810 505 1849 dederis
525 1814 568 1847 et
588 1813 800 1860 praeterea
819 1809 1026 1860 ἐγγήραμα.
1075 1807 1181 1845 Nam
1195 1806 1264 1844 illa
1280 1805 1352 1844 Sili
1367 1811 1412 1845 et
1427 1805 1548 1845 Drusi

344 1889 425 1913 non
454 1877 550 1913 satis
579 1873 862 1913 οἶκοδεσποτικὰ
890 1872 991 1910 mihi
1019 1871 1223 1910 videntur.
1279 1870 1391 1919 Quid
1410 1870 1548 1910 enin?

344 1941 486 1980 sedere
506 1945 615 1978 totos
633 1939 721 1978 dies
739 1941 783 1976 in
802 1938 924 1975 villa?
973 1937 1057 1976 Ista
1071 1939 1195 1988 igitur
1209 1936 1360 1984 malim,
1375 1938 1549 1988 primum

345 2005 534 2052 Othonis,
563 2002 715 2043 deinde
749 2002 924 2040 Clodiae.
993 2001 1034 2040 Si
1065 2001 1166 2039 nihil
1197 2000 1282 2048 flet,
1310 2006 1383 2040 aut
1416 1999 1549 2039 Druso

341 2071 461 2110 ludus
479 2075 544 2109 est
562 2068 842 2120 suggerendus
861 2072 934 2106 aut
952 2067 1152 2106 utendum
1170 2066 1408 2105 Tusculano.

342 2135 394 2176 92
