1572 2378
564 165 792 205 MARCUS
829 163 1074 204 TULLIUS
1113 162 1315 202 CICERO

336 261 407 295 aut
425 269 553 307 pauca
569 259 750 300 mutata;
778 253 982 292 balnearia
1001 257 1141 290 tamen
1158 250 1300 303 laudat
1312 252 1476 298 maiora,
1489 249 1543 290 de

335 328 556 366 minoribus
575 329 633 366 ait
650 326 822 365 hiberna
850 324 952 363 effici
979 336 1108 375 posse.
1167 322 1296 362 Tecta
1315 324 1443 374 igitur
1457 335 1542 360 am-

335 399 613 439 bulatiuncula
630 397 820 437 addenda
839 401 926 442 est;
957 409 1079 448 quam
1098 400 1146 434 ut
1163 399 1322 434 tantam
1336 393 1541 442 faciamusz,

335 477 528 524 quantam
545 473 590 508 in
607 469 836 508 Tusculano
854 468 1037 515 fecimus,
1052 479 1180 519 prope
1195 466 1363 504 dimidio
1377 467 1542 504 minoris

334 543 537 582 constabit
572 544 651 580 isto
688 540 786 579 loco.
846 538 913 577 Ad
946 538 988 577 id
1021 543 1174 586 autem,
1202 537 1312 590 quod
1341 537 1540 586 volumus,

334 615 526 666 ἀφίδρυμα
553 613 655 651 nihil
683 615 817 663 aptius
846 611 1008 650 videtur
1034 623 1156 662 quam
1173 609 1302 657 lucus,
1321 622 1444 661 quem
1462 622 1541 662 ego

334 699 496 732 noram3
525 686 598 724 sed
617 685 899 723 celebritatem
919 681 1073 720 nullam
1101 687 1189 720 tum
1217 680 1412 728 habebat,
1429 694 1541 720 nunc

333 759 454 798 audio
471 761 698 796 maximam.
748 755 860 793 Nihil
881 759 958 802 est,
976 753 1086 806 quod
1105 766 1183 804 ego
1201 752 1350 792 malim.
1400 753 1451 792 In
1463 752 1541 792 hoc

333 833 397 871 τὸν
414 831 535 881 τῦφόν
551 847 626 880 μου
643 829 736 880 πρὸς
755 828 846 867 θεῶν
863 826 1169 877 τροποφόρησον.
1228 823 1445 877 Reliquum
1463 829 1540 873 est,

333 906 366 941 si
387 902 577 940 Faberius
595 901 711 938 nobis
730 911 881 936 nomen
898 896 1000 935 illud
1022 895 1214 948 explicat,
1227 895 1312 934 noli
1331 909 1540 948 quaerere,

332 975 500 1026 quanti3
538 971 749 1011 Othonem
779 972 914 1007 vincas
947 968 1049 1007 volo.
1106 967 1196 1006 Nec
1223 972 1364 1006 tamen
1390 970 1540 1006 insani-

331 1051 468 1085 turum
488 1043 602 1082 illum
622 1047 746 1093 puto;
775 1053 893 1078 nosse
914 1042 1023 1078 enim
1043 1037 1145 1076 mihi
1163 1037 1372 1077 hominem
1386 1037 1537 1078 videor.

335 1118 397 1155 Ita
423 1115 531 1154 male
559 1119 698 1152 autem
719 1112 841 1150 audio
859 1114 992 1162 ipsum
1011 1122 1102 1149 esse
1119 1114 1355 1156 tractatum,
1374 1115 1422 1148 ut
1438 1109 1540 1148 mihi

331 1189 399 1227 ille
429 1192 590 1238 emptor
618 1198 700 1223 non
731 1183 826 1222 esse'
850 1182 1047 1220 videatur.
1105 1180 1215 1228 Quid
1247 1181 1386 1219 enim?
1424 1186 1539 1232 pate-

330 1260 469 1299 retur?
526 1257 607 1296 Sed
637 1254 735 1308 quid
763 1253 1054 1305 argumentor?
1109 1251 1151 1291 Si
1183 1252 1452 1290 Faberianum
1470 1265 1539 1292 ex-

330 1332 468 1383 plicas,
479 1341 659 1369 emamus
679 1327 743 1365 vel
763 1338 936 1377 magn03
962 1327 996 1364 si
1014 1327 1227 1372 minus,ne
1240 1337 1361 1375 parvo
1373 1324 1538 1377 quidem

329 1415 549 1456 possumus.
609 1399 791 1437 Clodiam
809 1400 944 1449 igitur.
1003 1396 1040 1434 A
1061 1409 1141 1447 qua
1159 1398 1246 1446 ipsa
1264 1396 1318 1433 ob
1336 1409 1427 1434 eam
1445 1409 1538 1435 cau-

328 1488 413 1514 sam
440 1485 601 1525 sperare
630 1470 781 1516 videor,
811 1467 920 1520 quod
949 1472 993 1506 et
1019 1466 1151 1505 multo
1178 1468 1344 1506 minoris
1363 1472 1473 1515 sunt,
1493 1472 1539 1506 et

329 1545 567 1586 Dolabellae
593 1555 744 1581 nomen
771 1547 857 1580 tam
886 1539 1125 1591 expeditum
1152 1538 1327 1587 videtur,
1346 1544 1394 1578 ut
1412 1542 1536 1579 etiam

327 1618 702 1670 repraesentatione
740 1613 949 1651 confidam.
1009 1611 1074 1649 De
1110 1610 1238 1649 hortis
1275 1613 1383 1649 satis.
1441 1610 1536 1650 Cras

326 1696 398 1730 aut
433 1695 477 1728 te
513 1693 586 1726 aut
621 1698 805 1731 causam;
842 1697 963 1736 quam
993 1682 1160 1734 quidem
1193 1686 1296 1733 puto
1311 1681 1326 1706 ¹
1357 1681 1535 1720 futuram

327 1762 601 1800 Faberianam.
659 1756 754 1802 Sed,
774 1758 806 1794 si
826 1756 989 1806 poteris.

380 1833 583 1871 Ciceronis
603 1827 820 1880 epistulam
838 1826 914 1865 tibi
934 1827 1081 1863 remisi.
1133 1824 1171 1863 Ο
1190 1828 1234 1862 te
1254 1823 1445 1872 ferreum,
1463 1827 1534 1877 qui

324 1905 432 1944 illius
470 1901 659 1954 periculis
695 1912 778 1937 non
815 1897 1010 1935 moveris!
1068 1896 1139 1935 Me
1167 1908 1329 1947 quoque
1357 1901 1531 1936 accusat.

325 1977 427 2016 Eam
444 1975 521 2014 tibi
540 1971 755 2024 epistulam
774 1972 865 2007 misi
884 1966 1123 2007 semissem.²
1176 1967 1280 2005 Nam
1300 1967 1412 2005 illam
1428 1966 1531 2007 alte-

519 2067 530 2088 ¹
555 2069 644 2110 puto
659 2065 776 2098 added
792 2064 835 2106 by
859 2062 1062 2104 Wesenbery.

518 2109 534 2131 ²
554 2109 634 2143 misi
651 2108 829 2142 semissem
846 2107 1001 2140 Purserz
1024 2105 1196 2138 misissem
1213 2103 1320 2141 MSS.

328 2155 402 2196 168
