1572 2378
34 969 112 1007 Scr.
139 969 177 1007 ἱη
209 969 301 1007 Tus-

33 1023 165 1061 culano
186 1024 245 1061 IX

34 1076 83 1116 K.
106 1078 188 1116 Iun.
209 1091 244 1117 a.

37 1132 113 1171 709

28 1574 106 1610 Scr.
134 1573 171 1610 in
200 1573 294 1611 Tus-

26 1626 158 1665 culano
177 1627 235 1665 VI
244 1628 293 1666 Κ.

31 1681 109 1720 Iun.
127 1695 161 1720 a.
187 1683 264 1722 709

556 168 783 207 MARCUS
821 169 1066 209 TULLIUS
1105 171 1306 211 CICERO

326 260 434 293 trum
456 256 722 295 vehementer
741 258 890 309 dilig03
917 273 1009 296 nam
1030 265 1086 307 et,
1101 263 1241 311 quanti
1261 266 1419 312 patrem
1438 261 1529 310 feci,

327 325 458 358 totum
478 324 520 359 in
539 321 648 360 hunc
668 328 711 361 et
729 326 861 374 ipsum
879 337 953 375 per
971 337 1015 362 se
1029 338 1159 376 aeque
1174 338 1265 364 amo
1277 331 1402 378 atque
1415 326 1528 366 illum

324 390 467 435 amavi,
482 392 526 426 te
541 401 637 427 vero
654 388 887 440 plurimum,
901 393 970 442 qui
988 390 1066 429 hoe
1085 392 1137 430 ab
1155 397 1328 444 utroque
1347 398 1528 432 nostrum

324 452 410 491 fieri
442 453 551 492 velis.
619 453 663 493 Si
699 454 838 494 hortos
874 458 1111 507 inspexeris,
1139 462 1184 496 et
1213 460 1246 496 si
1274 457 1328 497 de
1356 458 1530 510 epistula

323 521 540 558 certiorem
566 533 634 559 me
663 520 820 569 feceris,
848 521 1011 561 dederis
1037 522 1153 571 mihi,
1174 523 1283 575 quod
1300 524 1354 563 ad
1371 529 1416 564 te
1433 529 1528 564 scri-

323 585 440 631 bam3
473 588 507 624 si
534 589 681 633 minus,
709 588 880 626 scribam
908 593 1048 627 tamen
1074 589 1238 641 aliquid.
1296 589 1526 643 Numquam

323 653 432 688 enim
451 651 570 691 derit.

905 815 945 853 ΙΙ

717 907 856 932 exemto
884 908 1025 933 A‘r'rlco
1054 909 1096 934 SA
1101 909 1132 935 L.

375 972 539 1010 Gratior
567 971 666 1010 mihi
697 973 882 1012 celeritas
912 979 984 1012 tua
1013 988 1134 1027 quam
1166 979 1250 1027 ipsa
1278 989 1354 1015 res.
1414 975 1522 1024 Quid

321 1040 430 1075 enim
468 1037 702 1088 indignius?
760 1038 841 1077 Sed
875 1042 954 1077 iam
986 1040 1039 1078 ad
1076 1043 1153 1079 ista
1189 1041 1451 1081 obduruimus
1479 1048 1523 1081 et

320 1103 616 1142 humanitatem
641 1117 804 1143 omnem
833 1108 1029 1145 exuimus.
1084 1107 1190 1146 Tuas
1217 1107 1374 1146 litteras
1401 1107 1522 1147 hodie

318 1170 618 1219 exspectabam,
654 1169 756 1207 nihil
794 1171 984 1222 equidem
1022 1177 1069 1211 ut
1105 1185 1156 1210 ex
1187 1175 1236 1212 iis
1268 1176 1384 1220 novi;
1422 1173 1519 1226 quid

315 1236 453 1273 enim?
483 1248 623 1273 verum
642 1240 782 1274 tamen

884 1416 949 1454 Ila

708 1508 848 1532 CICERO
879 1509 1020 1534 ATTICO
1049 1511 1089 1535 SA
1096 1511 1125 1536 1..

367 1573 501 1623 Oppio
530 1579 573 1611 et
603 1573 728 1612 Balbo
756 1575 949 1626 epistulas
971 1576 1121 1616 deferri
1141 1579 1298 1617 iubebis
1316 1584 1360 1618 et
1376 1583 1514 1618 tamen

314 1637 500 1676 Pisonem
519 1640 647 1677 sicubi
665 1639 718 1678 de
736 1653 842 1679 auro.
898 1641 1088 1682 Faberius
1107 1646 1139 1682 si
1159 1647 1328 1692 venerit,
1347 1644 1514 1693 videbis,

312 1709 358 1742 ut
384 1708 546 1742 tantum
574 1706 831 1754 attribuatur,
851 1709 883 1745 si
902 1707 1022 1746 modo
1040 1710 1297 1758 attribuetur,
1317 1716 1514 1763 quantum

309 1768 495 1807 debetur.
554 1770 742 1822 Accipies
760 1772 811 1809 ab
832 1771 967 1811 Erote.

364 1835 609 1883 Ariarathes,
631 1835 888 1875 Ariobarzani
909 1838 1025 1886 filius,
1047 1839 1213 1879 Romam
1229 1844 1351 1882 venit.
1400 1842 1513 1892 Vult,

307 1904 462 1951 opinor,
490 1914 662 1952 regnum
689 1902 851 1954 aliquod
881 1917 1018 1943 emere
1036 1919 1060 1943 a
1080 1906 1273 1954 Caesare;
1302 1921 1408 1956 nam,
1431 1922 1512 1962 quo

306 1965 427 2003 modo
455 1979 563 2004 nunc
592 1972 667 2014 est,
698 1967 845 2018 pedem
870 1970 937 2008 ubi
961 1976 1087 2021 ponat
1105 1974 1147 2010 in
1166 1985 1251 2020 suo,
1272 1987 1353 2012 non
1372 1973 1507 2016 habet.

307 2030 485 2069 Omnino
505 2044 598 2070 eum
619 2031 775 2072 Sestius
794 2040 945 2083 noster,
964 2037 1161 2087 parochus
1179 2038 1377 2090 publicus,
1396 2053 1510 2080 occu-

305 2099 438 2146 pavit;
479 2097 586 2148 quod
617 2099 783 2150 quidem
813 2099 931 2139 facile
962 2105 1102 2152 patior.
1171 2103 1322 2143 Verum
1355 2110 1507 2154 tamen,

309 2155 383 2189 110
