1572 2378
36 747 115 786 Sor.
139 747 178 786 in
208 747 302 785 Tus-

35 799 167 840 culano
180 802 243 840 IV
253 802 301 841 K.

40 857 118 895 Iun.
139 871 174 895 a.
200 858 276 896 709

35 1608 114 1646 Scr.
142 1607 179 1646 in
208 1608 300 1646 Tus-

35 1661 166 1700 culano
188 1663 258 1700 III

37 1716 85 1755 Κ.
108 1717 189 1755 Iun.
211 1731 246 1755 α.

38 1772 115 1810 709

550 135 778 175 MARCUS
815 135 1061 175 TULLIUS
1100 135 1301 175 CICERO

318 225 427 278 quod
445 225 546 264 mihi
566 238 723 264 summo
741 225 938 264 beneficio
956 238 1049 263 meo
1066 238 1215 276 magna
1228 237 1322 263 cum
1334 223 1525 263 fratribus

318 290 426 329 illius
444 290 703 329 necessitudo
724 295 800 338 est,
819 293 947 328 invito
966 303 1061 328 eum
1079 302 1153 341 per
1171 289 1339 336 litteras,
1358 293 1403 327 ut
1417 287 1524 340 apud

317 370 384 396 me
403 357 652 396 deversetur.
708 356 774 394 Ad
794 369 884 395 eam
903 369 990 395 rem
1008 369 1102 394 cum
1119 358 1328 395 mitterem
1347 354 1523 394 Alexan-

318 422 448 469 drum,
471 422 540 460 has
561 425 599 461 ei
618 421 715 460 dedi
733 422 901 460 litteras.

716 673 855 698 CICERO
885 672 1025 698 ATTICO
1052 672 1132 698 SAL.

375 743 470 781 Cras
502 746 627 794 igitur
657 745 793 780 auctio
828 742 1037 780 Peducaei.
1097 742 1198 780 Cum
1230 744 1382 793 poteris
1414 753 1521 793 ergo.

322 809 411 848 Etsi
446 809 645 860 impediet
681 808 851 847 fortasse
886 809 1088 848 Faberius.
1147 807 1230 848 Sed
1261 813 1401 847 tamen
1432 820 1524 846 cum

319 875 469 914 licebit.
529 875 747 926 Dionysius
766 876 906 913 noster
927 876 1105 925 graviter
1123 876 1307 925 queritur
1325 879 1369 912 et
1386 879 1524 912 tamen

319 943 406 979 iure
435 954 460 978 a
488 939 696 991 discipulis
725 941 867 978 abesse
897 953 941 978 se
971 945 1055 978 tam
1085 939 1167 979 diu.
1226 939 1370 978 Multis
1394 938 1526 978 verbis

318 1008 478 1057 scripsit
495 1006 548 1044 ad
567 1018 647 1052 me,
667 1005 788 1043 credo
807 1008 908 1043 item
926 1005 979 1043 ad
997 1010 1054 1044 te.
1112 1004 1216 1042 Mihi
1234 1004 1400 1056 quidem
1419 1002 1525 1042 vide-

319 1078 387 1111 tur
414 1075 538 1111 ctiam
565 1071 718 1110 diutius
740 1071 936 1110 afuturus.
993 1071 1055 1110 Ae
1074 1071 1250 1117 nollem;
1278 1069 1395 1109 valde
1415 1071 1524 1109 enim

320 1138 526 1177 hominem
545 1137 743 1176 desidero.

374 1205 411 1241 A
438 1209 482 1242 te
510 1204 668 1243 litteras
696 1203 995 1255 exspectabam,
1021 1202 1204 1241 nondum
1222 1201 1402 1248 scilicet;
1430 1214 1524 1240 nam

320 1270 390 1308 has
409 1283 529 1308 mane
548 1269 828 1308 rescribebam.

892 1434 956 1472 111

716 1530 856 1555 CICERO
886 1529 1026 1555 ATTICO
1054 1529 1132 1556 SAL.

374 1600 464 1652 Ego
492 1613 588 1639 vero
617 1603 694 1639 ista
722 1602 885 1638 nomina
908 1603 964 1638 sic
985 1600 1122 1651 probo,
1142 1604 1190 1638 ut
1209 1598 1311 1637 nihil
1329 1598 1439 1637 aliud
1457 1611 1523 1636 me

320 1672 493 1713 moveat,
522 1668 598 1705 nisi
626 1666 734 1718 quod
762 1671 809 1704 tu
840 1665 987 1703 videris
1019 1665 1218 1703 dubitare,
1278 1664 1385 1703 Illud
1414 1666 1523 1703 enim

321 1746 403 1770 non
431 1735 584 1783 accipio
612 1734 654 1769 in
681 1732 829 1770 bonam
857 1736 1028 1782 partem,
1058 1731 1163 1783 quod
1195 1730 1247 1768 ad
1277 1743 1344 1769 me
1374 1729 1524 1776 refers;

321 1801 403 1850 qui,
419 1798 470 1836 si1
491 1799 809 1849 ipse'negotium
827 1810 964 1835 meum
984 1810 1182 1847 gererem,
1197 1795 1299 1834 nihil
1317 1795 1523 1846 gererem²

318 1866 395 1902 nisi
414 1863 580 1902 consilio
607 1868 689 1902 tuo.
748 1863 830 1902 Sed
858 1868 998 1901 tamen
1025 1862 1222 1913 intellego
1251 1865 1379 1913 magis
1409 1867 1453 1901 te
1482 1862 1523 1902 id

317 1929 450 1968 facere
479 1929 705 1980 diligentia,
723 1941 811 1980 qua
838 1941 999 1979 semper
1023 1931 1162 1975 uteris,
1183 1941 1303 1979 quam
1323 1927 1431 1980 quod
1449 1927 1523 1967 du-

317 1995 422 2032 bites
443 1994 494 2032 de
514 1994 744 2032 nominibus
763 1995 861 2032 istis.
920 1993 1086 2031 Etenim
1113 1992 1293 2032 Caelium
1321 2006 1404 2031 non
1432 2005 1522 2045 pro-

321 2126 395 2159 112
426 2077 438 2097 ¹
463 2077 524 2119 qui
539 2077 585 2118 ei]
599 2075 686 2120 quid
702 2083 742 2110 Δ.
847 2074 863 2096 ¹
884 2075 972 2108 nihil
989 2086 1142 2119 gererem
1159 2075 1300 2109 omitted
1315 2076 1357 2118 by
1373 2082 1412 2110 Δ.
