1572 2378
34 690 111 728 Scr.
136 690 174 727 in
208 689 302 726 Tus-

34 744 165 782 calano
187 744 208 780 I
213 743 255 780 [l

38 799 93 837 ld.
113 799 212 836 Sext.
234 811 268 836 α.

38 854 114 892 709

548 167 774 205 MARCUS
814 167 1057 206 TULLIUS
1097 167 1296 206 CICERO

315 268 454 300 orum;
477 254 549 293 sed
569 268 661 293 eum
682 255 800 293 video
818 260 915 293 ante
935 268 1023 294 esse
1041 260 1257 294 mortuum.
1307 256 1371 295 Da
1383 258 1518 308 igitur,

316 331 478 369 quaeso,
515 321 726 368 negotium
767 318 974 365 Pharnaci,
1013 318 1187 366 Antaeo,
1225 317 1371 367 Salvio,
1401 324 1447 358 ut
1478 319 1516 356 id

317 394 465 418 nomen
486 394 536 418 ex
555 381 741 418 omnibus
759 380 872 418 libris
891 381 1069 419 tollatur.

714 615 855 642 CICERO
885 616 1025 641 ATTICO
1052 616 1132 643 SAL.

378 686 470 724 Fuit
497 684 606 736 apud
633 698 699 722 me
730 684 868 721 Lamia
886 688 979 734 post
997 683 1215 721 discessum
1235 689 1353 722 tuum
1372 687 1523 736 epistu-

320 749 481 800 lamque
501 748 551 785 ad
571 760 637 785 me
660 747 800 784 attulit
827 749 988 784 missam
1016 747 1091 784 sibi
1119 759 1142 783 a
1170 746 1349 786 Caesare.
1407 745 1522 795 Quae

321 824 564 863 quamquam
593 815 689 847 ante
721 810 816 847 data
846 814 933 847 erat
963 822 1083 860 quam
1115 809 1208 847 illae
1242 809 1522 858 Diocharinae,

320 880 460 912 tamen
492 873 613 924 plane
646 872 878 910 declarabat
909 871 1021 909 illum
1052 877 1149 910 ante
1178 871 1294 911 ludos
1326 873 1524 911 Romanos

320 950 408 975 esse
440 941 666 974 venturum.
726 935 776 973 In
805 948 884 986 qua
914 939 1096 973 extrema
1125 937 1318 986 scriptum
1349 941 1448 983 erat,
1477 941 1524 974 ut

319 1000 370 1037 ad
392 999 506 1037 ludos
525 1001 660 1036 omnia
678 1003 850 1049 pararet,
871 1010 974 1035 neve
997 1000 1286 1044 committeret,
1308 1003 1356 1036 ut
1377 997 1524 1038 frustra

319 1065 405 1112 ipse
434 1066 699 1112 properasset.
761 1060 924 1098 Prorsus
955 1072 1005 1098 ex
1033 1059 1096 1098 his
1126 1060 1274 1099 litteris
1303 1073 1385 1099 non
1414 1060 1524 1100 vide-

319 1126 438 1162 batur
471 1137 558 1162 esse
590 1124 773 1170 dubium,
803 1126 901 1174 quin
933 1128 1030 1160 ante
1064 1136 1152 1160 eam
1186 1122 1296 1161 diem
1332 1128 1524 1162 venturus

319 1193 440 1234 esset,
472 1190 653 1238 itemque
685 1186 823 1233 Balbo,
855 1199 946 1224 cum
977 1198 1066 1224 eam
1098 1186 1314 1236 epistulam
1346 1185 1524 1238 legisset,

319 1250 446 1288 videri
470 1250 607 1287 Lamia
626 1249 799 1287 dicebat.

375 1313 474 1351 Dies
503 1312 693 1350 feriarum
721 1311 821 1349 mihi
850 1312 1009 1349 additos
1039 1311 1170 1359 video,
1189 1311 1262 1350 sed
1284 1324 1406 1363 quam
1422 1311 1525 1350 mul-

319 1380 397 1422 tos,
415 1376 491 1422 fac,
512 1377 546 1413 si
565 1388 631 1412 me
651 1387 773 1421 amas,
794 1377 927 1413 sciam.
988 1374 1050 1412 De
1074 1374 1222 1412 Baebio
1241 1377 1392 1425 poteris
1410 1379 1455 1413 et
1473 1373 1525 1413 de

319 1439 447 1476 altero
468 1440 599 1475 vicino
618 1438 806 1488 Egnatio.

375 1500 495 1548 Quod
514 1513 582 1538 me
601 1499 786 1546 hortaris,
806 1504 853 1538 ut
872 1512 940 1538 eos
959 1499 1047 1537 dies
1066 1513 1298 1538 consumam
1326 1502 1368 1538 in
1397 1499 1526 1551 philo-

320 1563 462 1614 sophia
489 1562 740 1613 explicanda,
770 1567 1000 1600 currentem
1030 1567 1077 1600 tu
1107 1562 1296 1613 quidem;
1334 1562 1406 1600 sed
1434 1575 1525 1601 cum

324 1625 535 1663 Dolabella
557 1625 775 1663 vivendum
805 1637 892 1662 esse
921 1627 1008 1662 istis
1036 1625 1179 1663 diebus
1207 1624 1331 1664 vides.
1387 1624 1524 1673 Quod-

323 1691 397 1726 nisi
426 1701 492 1726 me
521 1688 714 1739 Torquati
735 1701 852 1726 causa
871 1692 1047 1734 teneret,
1068 1690 1164 1726 satis
1184 1692 1272 1726 erat
1290 1687 1462 1735 dierum,
1481 1692 1526 1726 ut

328 1751 514 1789 Puteolos
554 1763 765 1789 excurrere
807 1763 966 1801 possem
1007 1755 1051 1788 et
1088 1750 1141 1788 ad
1178 1755 1340 1801 tempus
1379 1750 1524 1790 redire.

326 1813 464 1851 Lamia
483 1813 647 1865 quidem
667 1827 690 1850 a
710 1812 848 1860 Balbo,
869 1818 915 1851 ut
935 1813 1159 1861 videbatur,
1188 1813 1398 1852 audiverat
1424 1812 1526 1852 mul-

323 1881 386 1914 tos
420 1889 605 1914 nummos
641 1876 751 1914 domi
789 1889 877 1914 esse
915 1881 1160 1922 numeratos,
1189 1888 1291 1927 quos
1320 1880 1528 1926 oporteret

322 1952 443 1991 quam
489 1941 663 1990 primum
709 1939 848 1985 dividi,
896 1952 1088 1989 magnum
1135 1938 1294 1989 pondus
1343 1940 1526 1990 argenti3

322 2004 552 2039 auctionem
589 2006 752 2052 praeter
788 2001 952 2052 praedia
989 2003 1118 2051 primo
1150 2014 1311 2052 quoque
1343 2006 1526 2052 tempore

323 2064 407 2102 fieri
427 2069 625 2114 oportere.
675 2063 833 2102 Scribas
848 2063 896 2101 ad
915 2076 980 2101 me
997 2062 1130 2110 velim,
1145 2063 1242 2114 quid
1261 2063 1336 2101 tibi
1355 2062 1523 2114 placeat.

328 2150 400 2190 198
