1572 2378
564 167 792 207 MARCUS
830 167 1076 208 TULLIUS
1115 169 1318 209 CICERO

859 290 1022 328 XXXII

734 382 873 407 exemto
902 382 1043 407 ATTICO
1070 383 1147 408 SAL.

52 450 130 489 Scr.
154 450 192 488 in
227 450 320 488 Tus·
392 450 577 489 Alteram
608 465 633 489 a
664 457 707 490 te
745 452 959 504 epistulam
997 466 1088 490 cum
1126 452 1248 491 hodie
1282 456 1537 505 accepissem,

51 504 183 542 culam
194 505 317 543 IVK·
337 521 449 560 nolui
478 527 522 560 te
552 536 632 560 una
660 536 752 561 mea
781 528 1032 562 contentum.
1095 523 1157 561 Tu
1188 536 1283 563 vero
1310 537 1401 576 age,
1430 525 1540 577 quod

57 559 134 598 [Μ’
154 572 190 597 α’
215 559 292 599 709
335 593 489 641 scribis,
507 593 560 631 de
582 593 760 633 Faberio.
820 594 869 632 In
898 608 947 633 eo
975 597 1084 633 enim
1112 599 1245 634 totum
1272 600 1338 634 est
1363 599 1539 647 positum

333 664 390 711 id,
418 664 526 716 quod
555 668 803 716 cogitamus;
830 679 934 717 quae
954 668 1147 717 cogitatio
1165 669 1198 704 si
1217 679 1299 704 non
1317 667 1538 716 incidisset,

331 735 431 773 mihi
450 735 583 784 crede,
603 739 708 775 istuc
729 742 775 775 ut
794 742 931 775 cetera
950 750 1033 775 non
1051 737 1285 776 laborarem.
1334 737 1468 787 Quam
1485 740 1539 778 ob

331 818 431 854 rem,
461 812 507 845 ut
536 806 635 846 facis
663 806 787 862 (istuc
815 811 926 847 enim
954 808 1050 847 addi
1086 808 1189 846 nihil
1225 808 1394 862 potest),
1423 822 1537 862 urge,

330 879 449 926 insta,
468 878 628 930 perfice.

385 948 623 988 Dicaearchi
661 950 746 1001 περὶ
783 953 904 1003 ψυχῆς
940 955 1132 1002 utrosque
1169 949 1291 989 velim
1324 953 1463 990 mittas
1492 958 1537 991 et

330 1021 588 1070 καταβάσεως.
652 1023 914 1073 Τριπολιτικὸν
942 1035 1025 1060 non
1054 1024 1218 1060 invenio
1247 1027 1292 1060 et
1320 1022 1534 1073 epistulam

329 1093 429 1138 eius,
457 1104 578 1143 quam
606 1090 658 1129 ad
689 1091 979 1130 Aristoxenum
1007 1094 1128 1130 misit.
1185 1091 1286 1131 Tres
1316 1105 1385 1132 eos
1413 1093 1536 1132 libros

329 1164 503 1201 maxime
522 1175 632 1200 nunc
651 1161 822 1209 vellem;
851 1165 937 1214 apti
957 1168 1094 1201 essent
1112 1163 1165 1201 ad
1184 1163 1238 1210 id,
1258 1163 1367 1215 quod
1386 1167 1532 1216 cogito.

328 1233 554 1285 Torquatus
576 1234 726 1272 Romae
747 1239 821 1273 est.
864 1234 972 1282 Misi,
984 1239 1031 1272 ut
1042 1235 1117 1273 tibi
1129 1234 1304 1275 daretur.
1346 1235 1533 1275 Catulum

328 1311 371 1343 et
391 1304 618 1352 Lucullum,
638 1310 686 1343 ut
704 1308 858 1356 opinor,
877 1310 1010 1344 antea.
1069 1306 1147 1344 His
1174 1305 1286 1344 libris
1313 1319 1416 1344 nova
1442 1320 1534 1358 pro-

328 1375 486 1414 hoemia
504 1380 601 1413 sunt
618 1375 770 1422 addita,
794 1376 940 1427 quibus
963 1389 1102 1415 eorum
1131 1381 1304 1428 uterque
1332 1376 1529 1418 laudatur.

327 1445 405 1484 Eas
433 1445 591 1484 litteras
618 1446 709 1484 volo
738 1446 900 1494 habeas,
920 1452 964 1486 et
982 1452 1079 1485 sunt
1095 1447 1295 1498 quaedam
1317 1447 1405 1488 alia.
1463 1448 1530 1496 Et,

325 1516 434 1568 quod
448 1517 500 1555 ad
514 1522 558 1556 te
572 1517 625 1556 de
637 1516 781 1556 decem
795 1517 940 1569 legatis
959 1520 1110 1569 scripsi,
1123 1531 1265 1569 parum
1279 1518 1530 1567 intellexisti,

325 1587 459 1635 credo,
478 1590 572 1640 quia
591 1588 650 1628 διὰ
669 1590 834 1639 σημείων
852 1592 1100 1640 scripseram.
1161 1589 1225 1628 De
1254 1589 1295 1630 C.
1326 1589 1530 1630 Tuditano

325 1662 434 1698 enim
453 1660 709 1711 quaerebam,
729 1673 852 1711 quem
871 1672 922 1698 ex
942 1660 1166 1698 Hortensio
1184 1660 1391 1699 audieram
1406 1661 1528 1701 fuisse

324 1733 366 1768 in
381 1731 534 1769 decem.
586 1731 690 1769 Eum
709 1731 829 1770 video
848 1734 891 1769 in
910 1730 1077 1770 Libonis
1095 1737 1324 1783 praetorem
1347 1732 1388 1771 P.
1414 1732 1529 1785 Popi-

323 1802 390 1849 lio,
411 1801 452 1840 P.
477 1801 636 1853 Rupilio
659 1815 755 1841 coss.
816 1802 946 1841 Annis
973 1815 1060 1840 xnu
1089 1808 1199 1850 ante,
1221 1815 1343 1855 quam
1366 1809 1530 1855 praetor

323 1867 453 1905 factus
472 1873 545 1914 est,
566 1867 726 1918 legatus
746 1880 833 1906 esse
854 1870 1066 1918 potuisset,
1088 1870 1165 1907 nisi
1193 1867 1412 1907 admodum
1439 1882 1530 1909 sero

321 1943 511 1990 quaestor
547 1943 657 1977 esset
694 1938 852 1978 factus?
892 1939 1001 1990 quod
1038 1952 1121 1977 non
1158 1940 1340 1978 arbitror.
1399 1940 1528 1980 Video

367 2055 379 2075 ¹
403 2054 449 2088 So
479 2054 591 2087 called
623 2054 772 2087 because
796 2055 827 2087 it
859 2054 1085 2097 represented
1112 2055 1174 2088 the
1198 2055 1291 2088 ideal
1317 2055 1419 2090 State
1442 2067 1482 2090 a·
1505 2067 1527 2090 ι

322 2098 476 2131 mixture
491 2098 528 2131 of
543 2098 746 2142 monarchy,
765 2099 992 2141 aristocracy,
1010 2098 1082 2132 and
1098 2098 1317 2143 democracy.

326 2144 400 2183 174
