1572 2378
563 143 602 179 M
611 143 643 179 A
652 140 787 179 RCUS
826 139 1071 178 TULLIUS
1110 138 1311 176 CICERO

330 235 517 268 cesseret.
576 229 632 267 Et
658 230 826 280 aequius
854 232 954 273 erat,
978 239 1071 264 cum
1099 225 1159 263 illi
1186 227 1267 264 iter
1293 227 1467 264 instaret
1491 229 1538 263 et

330 291 509 328 subitum
525 294 569 328 et
587 289 770 339 longum,
785 292 829 325 et
843 299 909 324 me
924 286 1091 324 hercule
1104 298 1226 332 nune,
1239 297 1331 323 cum
1342 286 1400 322 ita
1414 286 1538 323 simus

330 348 497 395 adfecti,
512 354 559 386 ut
573 361 655 386 non
675 350 872 399 possimus
888 345 1009 397 plane
1024 345 1143 383 simul
1159 347 1294 383 vivere
1314 343 1538 396 (intellegis

332 412 441 446 enim
466 407 664 459 profecto,
684 409 725 444 in
752 419 832 458 quo
860 408 1034 443 maxime
1059 407 1191 456 posita
1214 406 1268 443 sit
1292 403 1538 457 συμβίωις),

332 468 450 506 facile
477 468 661 518 patiebar
686 479 759 504 nos
785 468 919 517 potius
950 465 1097 502 Romae
1123 477 1204 502 una
1231 476 1319 503 esse
1347 476 1468 516 quam
1494 465 1538 503 in

332 527 571 566 Tusculano.
900 536 905 542 ·

389 587 500 625 Libri
533 587 585 624 ad
619 586 842 624 Varronem
879 598 963 623 non
994 584 1270 631 morabantur,
1301 589 1399 623 sunt
1429 586 1539 622 enim

333 648 505 694 detexti‚
536 652 584 685 ut
613 646 774 690 vidisti;
805 650 968 683 tantum
1001 644 1254 682 librariorum
1281 642 1433 682 menda
1462 642 1540 681 tol-

333 708 483 745 luntur.
543 706 607 745 De
636 706 781 758 quibus
809 704 921 742 libris
951 706 1027 743 seis
1054 717 1120 742 me
1149 704 1370 751 dubitasse,
1385 702 1467 742 «sed
1492 708 1540 742 tu

334 767 492 805 videris.
568 767 687 813 Item,
725 778 824 816 quos
865 764 990 803 Bruto
1026 767 1240 812 mittimus,
1276 766 1321 802 in
1355 763 1541 802 manibus

334 827 490 865 habent
518 827 681 864 librarii.

390 887 485 925 Mea
503 886 707 932 mandata,
727 890 774 923 ut
793 885 947 932 scribis,
967 885 1134 935 explica.
1191 884 1447 936 Quamquam
1465 886 1543 923 ista

335 949 567 985 retentione
601 959 742 983 omnes
774 948 832 983 ait
864 947 925 983 uti
957 944 1194 990 Trebatius3
1231 944 1330 996 quid
1366 950 1412 983 tu
1445 947 1543 983 istos

335 1008 482 1058 putas?
557 1006 676 1044 Nosti
714 1006 890 1043 domum.
969 1004 1105 1051 Quare
1145 1005 1296 1042 confice
1338 1005 1540 1057 εὖαγώγως.

338 1067 582 1106 Incredibile
615 1071 691 1113 est,
722 1079 843 1117 quam
877 1078 954 1116 ego
987 1067 1065 1103 ista
1096 1078 1179 1102 non
1211 1077 1359 1102 curem.
1418 1063 1542 1104 Omni

335 1128 409 1166 tibi
441 1127 749 1165 adseveratione
773 1126 954 1172 adfirmo,
985 1124 1092 1176 quod
1121 1124 1220 1162 mihi
1247 1123 1386 1163 credas
1409 1124 1543 1174 velim,

336 1187 435 1224 mihi
453 1190 593 1224 maiori
611 1186 822 1224 offensioni
842 1198 929 1223 esse
953 1197 1073 1235 quam
1099 1183 1364 1222 delectationi
1389 1197 1544 1235 posses-

335 1247 537 1285 siunculas
563 1259 684 1284 meas.
744 1245 875 1295 Magis
904 1247 1014 1282 enim
1041 1243 1160 1281 doleo
1182 1256 1248 1282 me
1274 1257 1356 1282 non
1379 1243 1543 1294 habere,

336 1309 400 1344 cui
426 1306 598 1352 tradam,
618 1318 738 1356 quam
767 1304 952 1355 gaudeol
975 1304 1139 1350 habere,
1157 1305 1227 1355 qui
1245 1308 1347 1342 utar.
1404 1304 1544 1356 Atque

336 1366 435 1404 illud
468 1367 683 1404 Trebatius
715 1378 759 1403 se
789 1365 864 1402 tibi
895 1364 1043 1402 dixisse
1075 1364 1289 1408 nan-aban
1325 1368 1372 1402 tu
1404 1369 1543 1403 autem

335 1429 488 1464 veritus
508 1438 551 1464 es
571 1425 754 1470 fortasse,
775 1437 827 1462 ne
850 1437 928 1474 ego
950 1426 1101 1462 invitus
1127 1423 1321 1463 audirem.
1380 1423 1475 1462 Fuit
1500 1423 1543 1463 id

336 1486 500 1537 quidem
532 1485 812 1531 humanitatis,
842 1484 927 1530 sed,
957 1483 1058 1521 mihi
1086 1483 1220 1529 crede,
1250 1485 1328 1520 iam
1357 1486 1434 1522 ista
1460 1496 1542 1522 non

337 1540 441 1584 curo.
485 1545 620 1592 Quare
636 1545 687 1582 da
703 1551 744 1582 te
766 1547 806 1581 in
828 1557 1054 1581 sermonem
1077 1548 1120 1581 et
1139 1556 1304 1594 perseca
1320 1548 1364 1582 et
1378 1543 1542 1592 confice,

337 1611 380 1644 et
400 1609 456 1644 ita
476 1619 565 1642 cum
591 1603 699 1642 Polla
720 1604 899 1654 loquere,
921 1608 967 1640 ut
985 1608 1028 1640 te
1048 1616 1140 1640 cum
1163 1602 1233 1640 illo
1255 1602 1407 1641 Scaeva
1431 1602 1542 1656 loqui

640 1680 652 1700 ²
677 1679 813 1722 gaudeo
828 1679 944 1712 added
960 1679 1003 1720 by
1020 1678 1219 1711 Gronovius.

377 1771 390 1790 ¹
416 1770 468 1812 By
493 1769 555 1801 the
581 1768 704 1801 Julian
725 1768 792 1800 law
808 1768 844 1800 of
870 1769 913 1801 49
935 1777 1004 1801 Ro.
1024 1767 1170 1800 debtors
1194 1768 1298 1801 could
1324 1768 1428 1801 make
1456 1780 1542 1804 over

335 1811 919 1890 ssss‘sfiessirwffi*25:1²3&ssss
937 1811 998 1888 2¹1¹?
1010 1811 1328 1898 &3222021550333
1343 1812 1541 1898 3333&ss

336 1900 399 1964 th?
415 1899 566 1976 (Ιίξοξξιατη
581 1953 662 1985 may
678 1942 770 1975 refer
785 1945 823 1975 to
839 1953 933 1975 some
948 1942 1056 1974 house
1072 1941 1202 1975 offered
1218 1942 1255 1975 in
1277 1945 1447 1985 payment
1460 1943 1499 1976 of
1518 1954 1540 1977 a

334 1987 419 2020 debr.
428 1990 467 2020 to
477 1987 610 2026 Cicero,
625 1997 665 2018 or
674 1986 704 2019 it
714 1996 795 2028 may
809 1985 963 2028 possibly
977 1986 1019 2018 be
1030 1986 1116 2018 used
1130 1986 1165 2018 in
1178 1986 1239 2018 the
1251 1997 1350 2018 sense
1362 1986 1391 2025 1,
1405 1986 1539 2020 follow·

334 2032 395 2074 ing
411 2034 503 2063 most
518 2031 666 2069 editors,
683 2030 772 2062 have
794 2030 896 2072 given
913 2030 955 2068 it,
970 2029 1025 2062 for
1042 2030 1155 2062 which
1173 2029 1336 2062 however
1341 2030 1492 2072 familia
1507 2031 1538 2064 is

334 2084 543 2108 commonet.
575 2073 666 2107 Reid
679 2073 796 2106 would
813 2072 896 2106 read
909 2073 1094 2114 dominum,
1109 2072 1282 2117 referring
1297 2074 1329 2107 it.
1342 2078 1381 2107 to
1395 2073 1534 2108 Caesar.

340 2124 414 2157 154
