1572 2378
41 1454 125 1487 ιιῑασι,
140 1453 182 1480 11.
193 1454 244 1480 ⁶54

549 148 777 188 MARCUS
814 148 1058 188 TULLIUS
1097 149 1298 188 CICERO

321 237 418 274 bere
446 234 551 288 (sed,
573 239 764 288 quoniam
785 242 831 276 tu
854 242 898 276 te
923 238 1071 288 legisse
1096 238 1249 286 scribis,
1270 237 1329 277 fui
1356 237 1525 278 fortasse

322 301 617 354 ἀσαφέστερος),
629 315 696 340 me
712 315 762 340 ex
776 304 858 340 tuis
877 301 1025 340 litteris
1043 302 1293 341 intellexisse
1307 302 1418 342 nolle
1432 316 1524 342 eum

322 380 388 405 me
408 369 520 418 quasi
538 367 810 419 prosequendi
832 371 893 406 sui
916 381 1034 406 causa
1060 368 1225 406 Romam
1247 381 1356 406 nunc
1374 372 1523 408 venire.

323 431 417 479 Sed,
441 435 630 483 quoniam
654 435 733 470 iam
754 432 872 471 adest
893 446 1007 471 meus
1029 433 1242 481 adventus,
1265 432 1342 480 fac,
1364 446 1525 486 quaese,

322 511 375 536 ne
390 498 488 549 quid
504 511 597 536 eum
618 499 714 537 Idus
733 499 973 549 impediant,
988 512 1068 550 quo
1083 501 1216 537 minus
1230 512 1303 537 suo
1317 500 1526 539 commodo

321 566 364 601 in
384 564 612 603 Tusculano
630 567 694 603 sit.
753 565 840 603 Nec
861 567 970 603 enim
989 565 1040 603 ad
1059 564 1240 603 tabulam
1260 578 1354 604 eum
1372 565 1527 604 deside-

323 635 480 668 raturus
503 643 612 668 eram
640 629 701 683 (in
723 630 795 668 tali
819 633 928 668 enim
951 633 1118 681 negotio
1141 644 1212 668 cur
1237 635 1285 669 tu
1313 644 1417 669 unus
1443 644 1523 669 non

322 699 418 734 satis
446 709 490 734 es
503 695 550 748 ?),
580 696 650 734 sed
681 696 733 734 ad
763 701 1056 734 testamentum
1086 696 1284 744 volebam,
1311 696 1420 749 quod
1445 699 1524 735 iam

322 760 428 797 malo
457 760 536 798 alio
568 760 649 807 die,
679 773 732 798 ne
765 761 817 798 ob
851 774 941 798 eam
974 774 1135 799 causam
1170 761 1338 799 Romam
1369 763 1525 800 venisse

322 826 470 864 videar.
519 825 668 876 Scripsi
685 829 811 877 igitur
829 826 881 864 ad
903 826 1071 864 Brutum
1091 829 1172 864 iam
1190 826 1306 873 illud,
1325 826 1433 878 quod
1452 840 1526 879 pu-

320 897 483 939 tassem,
512 891 652 930 Idibus
680 891 782 929 nihil
810 905 911 942 opus
938 904 1038 930 esse.
1105 891 1238 930 Velim
1267 905 1365 943 ergo
1392 897 1525 931 totum

321 958 398 996 hoc
416 961 473 996 ita
491 959 708 1009 gubernes,
727 963 774 995 ut
792 971 845 996 ne
863 960 1030 995 minima
1049 958 1215 1009 quidem
1238 971 1282 996 re
1305 958 1387 996 ulla
1410 957 1524 996 Bruti

322 1024 578 1062 commodum
597 1023 874 1074 impediamus.

376 1089 579 1141 Sed.quid
602 1094 666 1127 est
686 1089 868 1136 tandem,
891 1088 999 1140 quod
1024 1089 1318 1140 perhorrescas,
1340 1091 1435 1141 quia
1453 1093 1526 1128 tuo

320 1156 501 1208 periculo
519 1157 681 1194 iubeam
702 1155 824 1193 libros
846 1155 932 1193 dari
952 1155 1149 1193 Varroni?
1205 1156 1340 1194 Etiam
1362 1168 1472 1194 nunc
1493 1157 1526 1194 si

321 1222 496 1269 dubitas,
514 1221 592 1268 fac,
612 1226 659 1259 ut
677 1223 857 1260 sciamus.
918 1220 1030 1258 Nihil
1050 1226 1114 1260 est
1133 1223 1241 1259 enim
1260 1221 1340 1260 illis
1362 1221 1525 1273 elegan-

321 1290 412 1326 tius.
465 1287 566 1325 Volo
584 1287 821 1334 Varronem,
839 1288 1078 1337 praesertim
1097 1299 1189 1325 cum
1207 1286 1277 1325 ille
1295 1286 1525 1333 desideret3

321 1353 392 1391 sed
413 1358 488 1399 est,
507 1357 555 1391 ut
573 1355 662 1399 scis,

430 1444 457 1462 “
469 1440 583 1481 δεινὸς
602 1441 705 1490 ἀνήρ·
735 1441 834 1491 τάχα
854 1457 915 1480 κεν
934 1441 995 1479 καὶ
1014 1440 1177 1480 ἀναίτιον
1197 1441 1404 1494 αἷτιόῳτο.”

324 1528 387 1567 Ita
405 1528 506 1566 mihi
525 1541 645 1578 saepe
666 1530 840 1565 occurrit
858 1527 994 1565 vultus
1017 1531 1104 1566 eius
1126 1532 1335 1579 querentis
1358 1528 1526 1568 fortasse

323 1594 385 1632 vel
416 1594 505 1640 hoc,
535 1606 645 1631 meas
674 1595 798 1644 partis
826 1595 869 1630 in
898 1595 945 1631 iis
974 1593 1085 1631 libris
1114 1597 1311 1645 copiosius
1339 1594 1526 1634 defensas

321 1673 409 1698 esse
430 1673 551 1711 quam
572 1672 676 1706 suas,
696 1658 803 1710 quod
824 1671 889 1696 me
903 1658 1070 1697 hercule
1089 1672 1174 1697 non
1194 1672 1282 1698 esse
1294 1660 1526 1712 intelleges,

320 1727 352 1762 si
380 1725 542 1776 quando
570 1728 612 1762 in
643 1725 809 1775 Epirum
839 1727 1007 1762 veneris.
1066 1724 1171 1762 Nam
1191 1738 1299 1763 nunc
1318 1725 1527 1766 Alexionis

319 1791 503 1842 epistulis
523 1790 714 1828 cedimus.
774 1789 855 1828 Sed
877 1795 1016 1828 tamen
1041 1803 1118 1841 ego
1142 1804 1223 1828 non
1244 1790 1415 1842 despero
1436 1804 1528 1844 pro-

318 1857 459 1894 batum
481 1858 529 1893 iri
549 1855 730 1900 Varroni,
755 1860 799 1893 et
821 1854 876 1901 id,
898 1858 1086 1905 quoniam
1110 1858 1334 1906 impensam
1358 1857 1527 1897 fecimus

317 1924 360 1959 in
379 1920 630 1968 macrocolla,
651 1920 768 1958 facile
790 1923 919 1971 patior
939 1925 1082 1958 teneri.
1143 1920 1237 1968 Sed,
1258 1924 1380 1960 etiam
1402 1928 1526 1975 atque

318 1988 441 2024 etiam
461 1987 566 2033 dico,
584 1991 656 2024 tuo
676 1985 855 2036 periculo
876 1985 955 2023 fiet.
1006 1985 1154 2033 Quare,
1175 1989 1206 2025 si
1225 1986 1454 2037 addubitas,
1472 1988 1524 2028 ad

320 2053 488 2091 Brutum
509 2058 784 2096 transeamus3
814 2056 876 2089 est
900 2054 1008 2089 enim
1032 2054 1065 2090 is
1088 2066 1248 2104 quoque
1270 2053 1521 2094 Antiochius.

324 2123 395 2157 158
