1572 2378
582 157 808 196 MARCUS
849 159 1093 199 TULLIUS
1132 161 1333 202 CICERO

350 246 593 283 constituam
627 250 672 284 et
703 251 902 297 quantum
932 250 1088 286 anteire
1119 251 1218 287 istos
1251 248 1390 289 hortos
1421 249 1554 292 Drusi.

352 310 514 348 Accessi
551 324 799 362 numquam3
837 312 1109 363 Coponianam
1141 314 1275 352 villam
1304 321 1348 354 et
1376 321 1556 355 veterem

349 380 394 413 et
411 389 494 414 non
513 390 703 427 magnam
722 380 826 425 novi,
849 378 989 416 silvam
1010 379 1201 427 nobilem,
1221 380 1400 420 fructum
1418 387 1555 422 autem

349 444 545 489 neutrius,
565 442 671 494 quod
693 448 833 482 tamen
857 449 958 495 puto
983 458 1057 483 nos
1085 448 1188 484 scire
1216 452 1415 498 oportere.
1473 447 1555 487 Sed

349 506 447 544 mihi
466 510 607 546 utrivis
626 511 795 547 istorum
814 515 1000 560 tempore
1016 514 1144 562 magis
1159 525 1251 550 meo
1265 525 1386 564 quam
1400 516 1556 553 ratione

347 573 589 611 aestimandi
621 579 728 612 sunt.
789 575 942 613 Possim
971 582 1111 615 autem
1140 577 1309 630 adsequi
1337 591 1482 628 necne,
1509 584 1556 620 tu

348 637 469 676 velim
498 642 665 689 cogites.
722 639 765 680 Si
795 644 905 679 enim
936 636 1204 681 Faberianum
1232 644 1468 692 venderem,
1487 658 1556 684 ex-

347 702 498 754 plicare
527 704 591 742 vel
620 709 996 756 repraesentatione
1015 720 1098 744 non
1117 707 1348 746 dubitarem
1367 709 1421 747 de
1440 708 1554 748 Silia-

346 771 421 817 nis,
449 772 482 808 si
510 770 630 808 modo
658 771 944 818 adduceretur,
973 778 1020 811 ut
1049 773 1258 812 venderet.
1317 773 1360 813 Si
1391 775 1555 815 venales

345 848 426 874 non
449 836 632 884 haberet,
653 840 868 876 transirem
887 838 939 876 ad
964 838 1143 876 Drusum
1171 839 1236 877 vel
1265 842 1385 887 tanti,
1413 844 1554 893 quanti

345 900 544 952 Egnatius
569 901 683 940 illum
714 902 818 940 velle
847 903 923 940 tibi
950 903 1065 941 dixit.
1126 904 1278 956 Magno
1298 907 1423 943 etiam
1441 906 1552 946 adiu·

344 971 484 1004 mento
503 968 619 1004 nobis
647 968 934 1018 Hermogenes
963 974 1102 1019 potest
1131 983 1219 1008 esse
1247 973 1289 1008 in
1318 984 1554 1022 repraesen-

342 1031 479 1070 tando.
549 1033 606 1071 At
636 1038 681 1070 tu
714 1033 893 1071 concede
924 1034 1039 1081 mihi,
1069 1048 1231 1086 quaeso,
1264 1041 1311 1074 ut
1341 1050 1389 1074 eo
1418 1039 1553 1076 animo

341 1099 430 1144 sim,
449 1110 529 1149 quo
548 1100 581 1136 is
601 1097 753 1136 debeat
772 1112 873 1146 esse,
900 1103 968 1151 qui
997 1113 1132 1138 emere
1162 1104 1312 1152 cupiat,
1342 1108 1384 1140 et
1414 1108 1549 1142 famen

340 1166 398 1201 ita
434 1166 564 1202 servio
601 1164 816 1215 cupiditati
854 1170 898 1204 et
934 1165 1062 1203 dolori
1101 1180 1205 1214 me0,
1247 1173 1290 1204 ut
1321 1182 1344 1204 a
1381 1174 1424 1206 te
1467 1173 1549 1221 regi

341 1228 472 1267 velim.

863 1340 1026 1379 XXXII

734 1433 873 1457 menno
904 1433 1045 1458 ATTlco
1074 1434 1152 1460 sn..

53 1491 131 1529 Ser·
159 1491 321 1531 Asturae
394 1499 591 1550 Egnatius
609 1499 710 1537 mihi
733 1502 903 1550 scripsit.
963 1500 1002 1539 Is
1031 1503 1064 1539 si
1093 1501 1191 1553 quid
1219 1507 1357 1541 tecum
1387 1502 1546 1543 locutus

60 1545 94 1582 V
110 1545 159 1584 K·
183 1546 275 1598 APr·
337 1567 415 1602 erit
439 1563 777 1615 (commodissime
801 1567 910 1602 enim
930 1578 1003 1616 per
1023 1579 1117 1604 eum
1135 1569 1202 1617 agi
1220 1570 1387 1618 potest),
1405 1568 1458 1606 ad
1476 1582 1544 1608 me

52 1614 85 1638 α’
109 1601 188 1640 709
335 1631 498 1677 scribes,
527 1635 571 1668 et
599 1629 640 1668 id
668 1630 874 1681 agendum
904 1637 1015 1681 puto.
1074 1632 1178 1670 Nam
1209 1646 1302 1671 cum
1333 1633 1432 1672 Silio
1459 1648 1542 1674 non

335 1696 453 1734 video
472 1695 613 1733 confici
632 1708 760 1747 posse.
823 1696 944 1735 Piliae
966 1702 1009 1735 et
1029 1697 1193 1736 Atticae
1213 1698 1398 1738 salutem.

388 1762 505 1800 Haec
524 1761 575 1799 ad
595 1767 638 1799 te
658 1775 749 1799 mea
767 1775 901 1800 manu.
960 1762 1076 1810 Vide,
1097 1776 1258 1815 quaeso,
1288 1764 1386 1816 quid
1414 1778 1536 1816 agen-

332 1827 430 1865 dum
457 1829 521 1865 sit.
581 1826 752 1864 Publilia
770 1826 821 1864 ad
841 1840 907 1866 me
927 1830 1087 1879 scripsit
1105 1834 1278 1867 matrem
1297 1843 1426 1878 suam,
1444 1843 1537 1870 cum

335 1892 505 1930 Publilio
532 1892 850 1947 videreturstfld
880 1906 946 1931 me
969 1907 1061 1931 cum
1089 1893 1160 1932 illo
1182 1900 1409 1942 venturam,
1429 1901 1475 1935 et
1492 1909 1536 1935 se

332 1971 423 2004 una,
443 1960 475 1995 si
496 1970 572 2007 ego
595 1962 767 2007 paterer.
828 1958 930 1996 Orat
958 1958 1097 1996 multis
1117 1964 1161 1997 et
1180 1959 1534 2017 supplicibus-ver-

330 2022 402 2069 bis,
419 2028 464 2059 ut
478 2022 612 2068 liceat,
629 2027 672 2060 et
687 2028 734 2060 ut
753 2024 826 2061 sibi
849 2024 1076 2063 rescribam.
1130 2024 1205 2063 Res
1226 2039 1346 2076 quam
1365 2025 1535 2064 molesta

327 2134 380 2175 66
574 2092 585 2111 ¹
610 2093 792 2126 videretur
811 2093 932 2126 Klotz:
959 2094 1163 2137 loqueretur
1178 2095 1284 2130 MSS.
