1572 2378
555 159 782 199 MARCUS
821 159 1066 198 TULLIUS
1105 159 1306 198 CICERO

331 247 430 286 nihil
447 249 491 286 in
509 252 692 286 mentem
710 249 835 285 venit.
893 246 1014 294 Quod
1034 247 1173 285 scribis
1191 251 1236 285 te
1255 249 1397 295 vereri,
1417 259 1471 286 ne
1489 251 1536 286 et

328 324 458 373 gratia
472 327 516 361 et
528 323 746 360 auctoritas
760 325 899 359 nostra
914 320 990 359 hoc
1005 334 1096 359 meo
1115 334 1296 359 maerore
1315 323 1534 368 minuatur,

330 387 419 448 ego,
448 396 546 447 quid
574 396 760 433 homines
788 400 859 433 aut
881 394 1187 446 reprehendant
1211 400 1283 433 aut
1310 394 1533 446 postulent,

332 473 476 509 nescio.
546 469 609 507 Ne
646 468 835 506 doleam?
904 469 984 515 Qui
1022 470 1186 519 potest?
1252 468 1316 507 Ne
1352 468 1534 507 iaceam?

331 543 432 590 Quis
457 554 646 593 umquam
675 542 835 578 minus?
894 540 1003 578 Dum
1023 545 1094 578 tua
1112 553 1179 579 me
1198 539 1342 578 domus
1358 538 1533 587 levabat,

330 619 419 668 quis
449 630 474 653 a
505 629 573 654 me
611 614 823 653 exclusus?
881 617 970 665 quis
1009 616 1133 661 venit,
1171 616 1242 666 qui
1278 613 1533 652 offenderet?

334 692 519 729 Asturam
548 703 636 728 sum
665 702 690 726 a
715 694 759 727 te
787 688 1005 739 profectus.
1064 688 1223 740 Legere
1244 690 1313 726 isti
1335 687 1446 736 laeti,
1465 690 1534 740 qui

331 779 394 804 me
412 763 734 816 reprehendunt,
752 768 837 801 tam
859 762 989 801 multa
1010 775 1091 800 non
1115 767 1295 813 possunt,
1316 774 1437 814 quam
1456 774 1535 814 ego

330 841 479 890 scripsi.
536 837 670 885 Quam
695 838 816 884 bene,
841 836 944 874 nihil
972 835 1025 874 ad
1052 849 1153 883 rem,
1180 835 1254 874 sed
1281 848 1411 887 genus
1439 837 1535 874 scri-

331 913 453 952 bendi
470 912 513 950 id
532 911 625 959 fuit,
644 910 752 962 quod
770 923 892 948 nemo
909 910 1069 948 abiecto
1087 912 1222 947 animo
1237 908 1370 947 facere
1385 914 1533 959 posset.

330 989 514 1039 Triginta
542 985 630 1024 dies
658 987 702 1022 in
731 984 859 1022 hortis
887 983 958 1022 fui.
1028 983 1130 1031 Quis
1166 988 1238 1021 aut
1275 996 1534 1034 congressum

329 1075 464 1101 meum
490 1066 563 1099 aut
588 1058 828 1097 facilitatem
857 1060 1051 1096 sermonis
1080 1057 1356 1096 desideravit?
1413 1055 1534 1095 Nunc

329 1141 459 1188 ipsum
489 1148 537 1174 ea
564 1133 672 1184 lego,
703 1146 751 1170 ea
780 1133 923 1179 scribo,
960 1137 1006 1170 ut
1043 1134 1083 1178 ii,
1121 1133 1191 1183 qui
1227 1143 1389 1170 mecum
1424 1135 1535 1178 sunt,

328 1209 525 1249 difficilius
554 1210 682 1246 otium
710 1206 846 1245 ferant
875 1219 995 1257 quam
1026 1219 1103 1257 ego
1131 1205 1324 1245 laborem.
1380 1204 1424 1244 Si
1445 1207 1535 1257 quis
1570 1259 1572 1261 ι

328 1286 510 1336 requirit,
528 1295 599 1320 cur
619 1282 769 1319 Romae
788 1292 871 1317 non
890 1281 989 1317 sim:
1018 1281 1112 1330 quia
1129 1278 1329 1317 discessus
1348 1283 1435 1324 est3
1464 1291 1536 1317 cur

328 1373 409 1397 non
427 1361 503 1397 sim
521 1359 563 1394 in
583 1359 641 1394 eis
659 1357 761 1392 meis
778 1353 1007 1404 praediolis,
1027 1366 1131 1404 quae
1159 1357 1256 1391 sunt
1283 1352 1402 1391 huius
1429 1357 1534 1391 tem—

327 1436 456 1486 poris;
485 1433 578 1482 quia
597 1429 869 1480 frequentiam
889 1427 1000 1464 illam
1019 1440 1101 1464 non
1121 1426 1240 1465 facile
1259 1425 1420 1465 ferrem.
1471 1426 1532 1464 Ibi

326 1521 414 1547 sum
442 1508 580 1557 igitur,
610 1504 679 1540 ubi
707 1505 753 1549 is,
782 1504 851 1553 qui
879 1504 1052 1552 optimas
1072 1500 1187 1539 Baias
1206 1500 1397 1548 habebat,
1414 1505 1533 1551 quot-

325 1584 442 1620 annis
461 1579 537 1616 hoc
556 1583 719 1628 tempus
748 1588 984 1614 consumere
1013 1574 1181 1613 solebat.
1239 1573 1342 1612 Cum
1365 1574 1531 1622 Rotnani
1569 1567 1572 1607 ³:

328 1668 488 1702 venero,
507 1666 585 1692 nec
604 1651 718 1690 vultu
738 1664 815 1690 nec
835 1653 1017 1689 oratione
1036 1649 1324 1700 reprehendar.
1382 1648 1533 1687 Hilari-
1570 1649 1572 1651 ’

327 1735 455 1768 tatem
482 1727 606 1773 illam,
635 1739 713 1777 qua
743 1725 848 1763 hanc
875 1726 1083 1763 tristitiam
1110 1728 1342 1774 temporum
1369 1722 1533 1762 condie-
1568 1711 1572 1747 s

326 1805 479 1849 bamus,
499 1804 541 1839 in
559 1804 804 1852 perpetuum
822 1801 950 1845 amisi,
962 1799 1190 1835 constantia
1209 1801 1253 1835 et
1272 1796 1437 1835 firmitas
1455 1810 1532 1836 nec
1570 1807 1572 1848 g

327 1876 449 1912 animi
467 1884 545 1910 nec
563 1872 754 1909 orationis
773 1871 1011 1920 requiretur.
1569 1914 1572 1919 ἶ

381 1947 446 1986 De
464 1946 592 1984 hortis
611 1943 846 1995 Scapulanis
866 1942 942 1980 hoc
962 1941 1124 1980 videtur
1147 1941 1248 1979 effici
1272 1953 1402 1992 posse,
1421 1940 1531 1980 aliud
1567 1930 1572 1995 ζ

328 2027 399 2060 tua
414 2022 560 2071 gratia,
577 2017 687 2057 aliud
706 2022 858 2063 nostra,
879 2022 923 2054 ut
947 2017 1135 2066 praeconi
1163 2014 1422 2053 subiciantur.
1482 2014 1530 2052 Id
1568 2040 1572 2058 ς

329 2097 403 2133 nisi
423 2094 479 2141 fit,
500 2093 772 2131 excludemur.
822 2090 893 2128 Sin
912 2089 962 2127 ad
983 2088 1162 2127 tabulam
1182 2090 1377 2135 venimus,
1398 2091 1532 2126 vince·

331 2155 381 2188 84
1569 2147 1572 2150 ⁴
