1572 2378
550 145 775 184 MARCUS
814 145 1059 184 TULLIUS
1100 144 1300 183 CICERO

320 237 397 272 nisi
418 234 530 286 quid,
549 234 658 286 quod
680 237 809 286 magis
830 247 897 273 me
920 234 1114 281 delectet,
1134 236 1339 272 invenero.
1395 232 1524 280 Quin-

319 305 386 338 tus
405 305 544 338 autem
563 300 616 338 de
636 300 812 338 emendo
831 299 933 337 nihil
952 305 1067 338 curat
1085 299 1162 337 hoc
1180 304 1375 350 tempore.
1419 299 1525 338 Satis

319 368 430 402 enim
457 371 672 417 torquetur
699 366 909 404 debitione
938 365 1058 413 dotis,
1083 368 1126 403 in
1153 378 1233 417 qua
1259 364 1445 403 mirificas
1471 363 1521 412 Q,

320 430 497 481 Egnatio
516 434 666 482 gratias
685 434 795 482 agit;
824 445 848 469 a
866 431 1054 470 ducenda
1071 436 1210 469 autem
1232 443 1356 469 uxore
1377 433 1435 469 sic
1455 429 1523 468 ab·

319 496 472 543 horret,
492 501 539 535 ut
556 497 685 534 libero
704 496 856 535 lectulo
876 502 1003 548 neget
1031 510 1119 535 esse
1143 499 1358 548 quicquam
1385 498 1525 534 iucun-

318 562 420 602 dius.
479 562 561 601 Sed
581 562 681 601 haec
701 576 862 614 quoque
882 562 1091 601 hactenus.

378 627 515 666 Redeo
545 631 654 666 enim
684 628 736 666 ad
766 631 955 667 miseram
985 641 1055 666 seu
1087 628 1240 666 nullam
1274 630 1408 678 potius
1440 639 1524 666 rem

320 693 535 744 publicam.
581 694 636 731 M.
656 694 859 732 Antonius
878 693 931 732 ad
946 707 1012 732 me
1027 696 1187 744 scripsit
1200 693 1252 732 de
1268 695 1526 732 restitutione

320 759 412 799 Sex.
434 759 574 803 Clodi;
602 773 723 811 quam
742 759 974 806 honorifice,
995 759 1104 811 quod
1129 759 1182 797 ad
1203 772 1270 797 me
1292 761 1457 807 attinet,
1476 771 1527 799 ex

319 827 444 876 ipsius
468 824 618 863 litteris
640 838 859 876 cognosces
888 824 995 876 (misi
1024 827 1134 863 enim
1161 825 1236 863 tibi
1265 822 1527 875 exemplum),

320 903 441 942 quam
456 889 665 937 dissolute,
678 903 799 942 quam
814 893 990 941 turpiter
1004 903 1206 941 quamque
1219 892 1278 928 ita
1291 891 1528 941 perniciose,

321 961 368 994 ut
386 969 469 993 non
492 969 714 1007 numquam
741 955 886 994 Caesar
905 955 1198 994 desiderandus
1223 968 1312 994 esse
1331 955 1528 1003 videatur,

321 1021 440 1060 facile
456 1022 715 1060 existimabis.
748 1021 864 1069 Quae
881 1024 989 1060 enim
1003 1021 1148 1059 Caesar
1159 1034 1379 1072 numquam
1395 1033 1528 1073 neque

321 1086 487 1125 fecisset
515 1099 650 1138 neque
682 1100 820 1137 passus
852 1092 974 1134 esset,
1004 1100 1052 1125 ea
1080 1099 1190 1125 nunc
1221 1099 1271 1124 ex
1303 1086 1412 1125 falsis
1443 1088 1530 1125 eius

322 1154 622 1190 commentariis
641 1152 914 1203 proferuntur.
964 1152 1053 1203 Ego
1072 1157 1208 1190 autem
1225 1152 1406 1190 Antonio
1424 1150 1531 1190 facil-

275 1258 278 1260 ,
321 1218 464 1256 limum
482 1231 548 1256 me
569 1219 748 1269 praebui.
809 1218 974 1256 Etenim
999 1218 1082 1265 ille,
1102 1220 1292 1269 quoniam
1316 1217 1443 1256 semel
1470 1219 1531 1255 in-

323 1284 441 1322 duxit
459 1286 639 1322 animum
667 1284 741 1323 sibi
770 1283 907 1332 licere,
928 1283 1035 1335 quod
1056 1283 1194 1331 vellet,
1213 1283 1378 1322 fecisset
1404 1282 1532 1322 nihilo

324 1353 457 1388 minus
475 1363 542 1388 me
561 1352 698 1388 invito.
760 1349 904 1401 Itaque
924 1362 1105 1387 mearum
1125 1362 1286 1401 quoque
1305 1349 1530 1388 litterarum

325 1417 415 1454 misi
433 1415 509 1454 tibi
528 1415 772 1465 exemplum.

866 1559 1002 1597 XIIIa

567 1660 765 1687 ANTONIUS
794 1661 871 1686 COS.
902 1661 931 1686 S.
960 1661 995 1687 D.
1029 1661 1070 1686 M.
1102 1662 1296 1688 CICERONI.

41 1744 116 1782 Ser,
139 1743 282 1782 Romae
380 1736 726 1788 occupationibus
746 1742 809 1775 est
835 1736 987 1775 factum
1007 1739 1108 1775 meis
1128 1742 1172 1776 et
1193 1738 1327 1776 subita
1347 1743 1419 1777 tua
1442 1751 1532 1791 pro-

38 1798 133 1836 inter
154 1813 188 1836 a·
211 1799 246 1836 d.
271 1798 306 1836 X
326 1802 517 1850 fectione,
536 1815 589 1841 ne
608 1808 746 1841 tecum
766 1815 899 1840 coram
918 1802 971 1840 de
995 1802 1071 1840 hac
1097 1815 1140 1841 re
1165 1815 1340 1854 agerem.
1399 1802 1532 1852 Quam

39 1858 72 1890 et
99 1852 182 1890 VH
202 1853 250 1890 K·
325 1870 377 1907 ob
396 1882 556 1907 causam
575 1881 729 1916 vereor,
748 1881 801 1906 ne
820 1868 1005 1906 absentia
1023 1881 1114 1907 mea
1132 1868 1259 1907 levior
1276 1871 1330 1907 sit
1348 1869 1456 1921 apud
1475 1875 1529 1910 te.

42 1906 137 1945 Μαι·
164 1920 200 1946 ⁰·
232 1908 308 1947 710
325 1934 480 1982 Quodsi
518 1934 677 1972 bonitas
709 1939 781 1972 tua
813 1933 1070 1985 responderit
1106 1934 1255 1972 iudicio
1286 1947 1391 1983 meo,
1424 1935 1530 1988 quod

323 2012 484 2051 semper
501 1999 624 2037 habui
643 1999 696 2038 de
715 2004 773 2046 te,
792 1999 990 2050 gaudebo.

322 2126 403 2166 246
