1572 2378
552 143 779 183 MARCUS
817 145 1062 185 TULLIUS
1101 147 1301 188 CICERO

376 229 545 268 Varroni
559 231 725 283 quidem
740 245 843 284 quae
863 235 1002 284 scripsi
1020 240 1064 274 te
1083 240 1262 283 auctore,
1279 238 1339 276 ita
1355 250 1527 291 propero

324 296 499 340 mittere,
519 299 566 331 ut
593 296 673 332 iam
695 295 862 333 Romam
880 299 1057 335 miserim
1076 297 1352 339 describenda.
1410 300 1470 340 Ea
1493 304 1526 340 si

325 355 444 404 voles,
471 359 610 394 statim
635 356 814 396 habebis.
872 358 1022 410 Scripsi
1051 363 1161 398 enim
1188 361 1240 400 ad
1268 362 1463 412 librarios,
1481 368 1528 403 ut

323 418 440 457 fieret
457 421 551 466 tuis,
571 421 603 457 si
622 424 669 458 tu
689 420 827 468 velles,
842 420 1100 461 describendi
1118 429 1309 474 potestas.
1359 425 1418 464 Ea
1431 439 1527 466 vero

323 482 562 529 continebis,
577 482 710 533 quoad
725 485 811 534 ipse
825 488 870 522 te
883 484 1044 523 videam
1059 498 1068 530 ;
1094 485 1204 537 quod
1217 486 1528 538 diligentissime

323 544 456 583 facere
474 544 592 592 soles,
611 558 704 583 cum
728 559 753 583 a
777 559 843 585 me
870 547 947 585 tibi
975 547 1131 586 dictum
1156 553 1230 587 est.
1288 549 1382 598 Quo
1405 551 1528 590 modo

322 612 444 645 antea
462 606 570 658 fugit
589 621 655 646 me
674 609 749 646 tibi
769 609 934 647 dicere?
982 610 1152 649 Mirifice
1172 611 1379 661 Caerellia,
1393 613 1529 653 studio

324 669 515 709 videlicet
532 670 812 722 philosophiae
830 671 1016 723 flagrans,
1035 673 1229 713 describit
1252 688 1277 712 a
1297 677 1403 722 tuis3
1429 678 1529 716 istos

322 734 429 784 ipsos
447 733 538 771 “de
557 733 739 772 finibus”
761 734 896 773 habet.
956 736 1044 787 Ego
1069 741 1207 775 autem
1235 737 1311 776 tibi
1338 737 1529 778 confirmo

323 794 503 848 (possum
522 795 608 833 falli
627 801 674 835 ut
692 796 830 848 homo)
845 811 869 835 a
887 801 989 836 meis
1009 811 1098 836 eam
1112 812 1196 837 non
1214 799 1391 847 habere3
1416 814 1530 841 num—

323 871 444 910 quam
463 860 573 897 enim
590 859 642 897 ab
665 859 790 898 oculis
818 863 920 899 meis
947 860 1149 900 afuerunt.
1207 862 1384 902 Tantum
1411 877 1531 915 porro

323 922 475 968 aberat,
491 926 538 959 ut
556 921 672 960 binos
691 923 940 968 scriberent;
970 926 1033 961 vix
1054 924 1233 975 singulos
1252 925 1526 966 confecerunt.

324 983 501 1022 Tuorum
519 989 659 1023 tamen
679 997 756 1035 ego
774 985 933 1023 nullum
952 985 1149 1024 delictum
1164 987 1335 1026 arbitror
1347 991 1529 1042 itemque

323 1051 367 1084 te
386 1045 477 1083 volo
497 1049 751 1092 existimare3
780 1061 803 1084 a
822 1060 888 1086 me
904 1050 1013 1085 enim
1040 1052 1368 1098 praetermissum
1388 1056 1464 1098 est,
1483 1056 1531 1090 ut

325 1108 502 1147 dicerem
521 1121 588 1147 me
607 1122 676 1147 eos
696 1112 806 1147 exire
825 1110 1007 1148 nondum
1028 1111 1144 1149 velle.
1200 1111 1300 1159 Hui,
1319 1125 1440 1164 quam
1460 1113 1527 1152 diu

324 1172 377 1210 de
394 1171 536 1222 nugis!
566 1171 618 1210 de
638 1184 682 1210 re
702 1175 812 1210 enim
832 1172 934 1210 nihil
954 1172 1084 1211 habeo
1103 1173 1212 1225 quod
1231 1174 1381 1226 loquar.

379 1234 444 1273 De
460 1234 674 1273 Dolabella
691 1235 767 1273 tibi
786 1235 1004 1275 adsentior.
1055 1236 1298 1285 Coheredes,
1313 1243 1360 1277 ut
1377 1239 1530 1287 scribis,

325 1301 367 1335 in
395 1297 633 1336 Tusculano.
693 1297 758 1336 De
786 1298 964 1337 Caesaris
991 1298 1171 1337 adventu
1201 1303 1360 1351 scripsit
1384 1301 1438 1340 ad
1462 1315 1530 1340 me

327 1360 474 1398 Balbus
501 1373 583 1398 non
612 1364 709 1398 ante
741 1360 828 1398 Kal.
859 1360 1044 1399 Sextiles.
1105 1361 1168 1400 De
1198 1362 1336 1401 Attica
1363 1366 1530 1415 optime,

325 1423 434 1475 quod
461 1422 590 1460 levius
617 1436 664 1460 ac
691 1422 834 1470 levius,
862 1429 906 1461 et
934 1423 1042 1474 quod
1070 1423 1151 1462 fert
1181 1424 1350 1468 εὐκόλως.
1409 1425 1530 1474 Quod

325 1491 463 1524 autem
482 1485 534 1523 de
554 1485 622 1523 illa
641 1491 778 1524 nostra
797 1488 1045 1536 cogitatione
1073 1487 1225 1535 scribis,
1251 1490 1295 1526 in
1322 1501 1402 1540 qua
1428 1489 1529 1528 nihil

326 1548 401 1587 tibi
437 1547 553 1595 cedo,
590 1561 649 1595 ea,
688 1561 791 1600 quae
829 1551 935 1595 novi,
974 1548 1092 1587 valde
1133 1549 1272 1600 probo,
1309 1550 1528 1600 hominem,

325 1611 503 1657 domum,
518 1610 743 1649 facultates.
793 1609 912 1657 Quod
935 1617 1057 1661 caput
1076 1616 1151 1659 est,
1171 1614 1304 1663 ipsum
1321 1625 1405 1652 non
1422 1617 1526 1662 novi,

325 1673 398 1712 sed
416 1673 536 1712 audio
554 1673 782 1721 laudabilia,
798 1673 851 1712 de
871 1673 1009 1712 Scrofa
1024 1677 1148 1712 etiam
1166 1677 1359 1725 proxime.
1404 1675 1529 1716 Acce·

325 1737 399 1784 dit,
418 1738 451 1775 si
470 1735 568 1788 quid
591 1735 668 1774 hoc
686 1736 736 1774 ad
757 1749 858 1783 rem,
879 1737 1136 1788 εὐγενέστερος
1164 1743 1228 1775 est
1256 1740 1378 1776 etiam
1407 1751 1527 1790 quam

323 1804 450 1850 pater.
508 1798 650 1836 Coram
678 1800 804 1849 igitur
832 1803 876 1836 et
903 1798 1068 1849 quidem
1097 1811 1297 1850 propenso
1320 1803 1455 1839 animo
1476 1801 1527 1840 ad

323 1861 585 1912 probandum.
643 1860 817 1899 Accedit
836 1863 958 1907 enim,
978 1861 1085 1912 quod
1106 1867 1279 1912 patrem,
1298 1867 1345 1901 ut
1363 1866 1465 1903 scire
1483 1868 1527 1903 te

321 1929 433 1974 puto,
452 1923 543 1975 plus
562 1925 686 1962 etiam
712 1937 831 1975 quam
858 1936 941 1961 non
966 1923 1088 1962 modo
1114 1929 1173 1972 tu,
1194 1924 1267 1963 sed
1293 1937 1415 1977 quam
1440 1928 1527 1978 ipse

321 1989 408 2035 scit,
428 2000 518 2025 amo
539 1987 662 2038 idque
682 1992 726 2025 et
744 1989 891 2025 merito
912 1991 956 2024 et
974 1988 1054 2024 iam
1073 1986 1155 2025 diu.

774 2121 786 2141 ¹
806 2119 860 2153 ‚Or
879 2122 902 2138 ⁴‘
914 2119 1067 2163 copies.'’

323 2169 419 2204 148·
