1572 2378
577 146 804 186 MARCUS
843 147 1087 187 TULLIUS
1125 148 1326 188 CICERO

346 238 511 287 negotia
538 235 786 287 chorumque
814 236 941 284 illum,
961 236 1014 275 de
1036 250 1116 288 quo
1138 240 1240 276 scire
1259 239 1331 285 vis,
1350 251 1443 278 eum
1461 250 1551 290 per-

345 314 527 352 spexero,
555 307 644 340 tum
673 304 856 350 scribam,
876 317 929 341 ne
948 302 1046 355 quid
1065 306 1238 354 ignores.
1295 303 1406 352 Quid
1430 303 1550 351 Galli,

345 367 442 418 quid
463 367 650 418 Hispani,
665 368 763 420 quid
779 368 926 407 Sextus
941 374 1049 420 agat,
1064 369 1331 408 vehementer
1345 374 1548 421 exspecto.

346 432 405 470 Ea
442 433 598 472 scilicet
634 439 681 472 tu
719 434 955 481 declarabis,
992 437 1060 486 qui
1098 440 1245 474 cetera.
1308 434 1549 475 Nauseolam

343 499 419 537 tibi
438 504 551 537 tuam
571 513 730 538 causam
750 503 822 539 otii
841 500 1001 539 dedisse
1030 500 1147 539 facile
1176 501 1370 552 patiebar.
1427 500 1550 540 Vide-

343 564 439 603 bare
468 567 577 604 enim
605 565 705 603 mihi
732 565 889 617 legenti
914 571 1005 605 tuas
1023 566 1181 605 litteras
1199 569 1404 619 requiesse
1423 567 1550 618 pauli-

343 643 446 681 sper.
505 629 569 668 De
604 630 729 669 Bruto
762 645 923 682 semper
955 631 1007 670 ad
1037 645 1103 670 me
1136 635 1271 670 omnia
1299 633 1548 684 perscribito,

343 696 413 733 ubi
431 698 496 743 sit,
515 697 614 748 quid
639 700 805 748 cogitet.
863 697 998 744 Quem
1026 697 1191 749 quidem
1220 711 1296 750 ego
1324 711 1442 750 spero
1470 700 1549 742 iam

342 766 434 800 tuto
471 762 535 800 vel
573 762 702 801 solum
744 768 832 801 tota
873 763 973 802 urbe
1020 766 1155 815 vagari
1201 777 1329 814 posse.
1397 765 1547 804 Verum

345 832 481 865 tamen

919 969 978 1007 IX

737 1069 878 1095 CICERO
908 1071 1048 1096 ATTICO
1076 1071 1154 1097 SAL.

57 1147 136 1186 Ser.
164 1147 327 1186 Puteolis
397 1143 462 1183 De
489 1157 534 1183 re
561 1144 723 1196 publica
740 1144 870 1183 multa
889 1149 1060 1197 cognovi
1080 1160 1131 1185 ex
1149 1150 1232 1187 tuis
1251 1148 1422 1196 litteris3
1451 1163 1548 1202 quas

60 1201 141 1240 XV
157 1202 321 1266 KMOE’·
342 1209 507 1261 quidem
544 1210 780 1261 multiiuges
815 1214 953 1262 accepi
990 1225 1072 1250 uno
1107 1217 1293 1264 tempore
1329 1228 1354 1252 a
1390 1215 1547 1254 Vestori

57 1270 91 1294 (1.
117 1258 194 1296 710

342 1275 500 1313 liberto.
558 1275 625 1313 Ad
654 1289 701 1313 ea
728 1281 879 1323 autem,
908 1289 1012 1328 quae
1041 1281 1222 1329 requiris,
1248 1280 1360 1318 brevi
1385 1293 1547 1332 respon·

343 1340 460 1379 debo.
520 1340 697 1378 Primum
717 1341 985 1380 vehementer
1012 1356 1078 1381 me
1107 1344 1300 1382 Cluviana
1327 1345 1544 1386 delectant.

343 1405 424 1443 Sed
439 1405 547 1457 quod
562 1408 736 1457 quaeris,
747 1407 845 1458 quid
859 1410 1107 1446 arcessierim
1127 1409 1408 1461 Chrysippum,
1419 1411 1547 1451 taber-

341 1484 418 1510 nae
445 1471 546 1509 mihi
575 1472 680 1510 duae
709 1479 960 1521 corruerunt,
980 1474 1240 1526 reliquaeque
1265 1478 1384 1514 rimas
1408 1483 1549 1528 agunt,

340 1538 479 1588 itaque
498 1549 581 1574 non
603 1537 733 1575 solum
758 1538 959 1589 inquilini,
988 1539 1060 1577 sed
1089 1553 1224 1579 mures
1251 1543 1375 1580 etiam
1403 1545 1549 1594 migra-

340 1606 499 1640 verunt.
558 1602 680 1640 Hanc
717 1606 844 1641 ceteri
883 1604 1156 1643 calamitatem
1194 1611 1354 1654 vocant,
1386 1620 1464 1659 ego
1496 1621 1549 1648 ne

340 1667 641 1706 incommodum
670 1669 846 1720 quidem.
906 1669 943 1708 O
973 1669 1158 1709 Socrates
1178 1675 1222 1710 et
1240 1670 1431 1711 Socratici
1453 1674 1548 1712 viril

342 1746 562 1784 numquam
601 1734 712 1772 vobis
750 1737 922 1785 gratiam
960 1735 1144 1774 referam.
1204 1736 1255 1774 Di
1290 1737 1549 1786 immortales,

341 1811 461 1850 quam
499 1798 599 1837 mihi
638 1801 716 1838 ista
753 1813 825 1851 pro
862 1800 1012 1839 nihilo!
1081 1801 1162 1840 Sed
1196 1807 1334 1842 tamen
1367 1817 1416 1842 ea
1447 1807 1549 1845 ratio

341 1864 581 1903 aedificandi
610 1867 736 1903 initur
765 1865 989 1905 consiliario
1017 1867 1182 1919 quidem
1205 1873 1249 1906 et
1266 1874 1430 1908 auctore
1450 1869 1549 1909 Ves-

342 1933 458 1978 torio,
478 1936 525 1970 ut
544 1931 621 1969 hoc
640 1931 834 1969 damnum
854 1937 1140 1983 quaestuosum
1159 1936 1222 1973 sit.

401 1996 480 2033 Hic
516 1997 637 2035 turba
673 2010 820 2047 magna
857 2002 920 2036 est
957 2001 1130 2049 eritque,
1163 2004 1209 2037 ut
1244 1999 1376 2047 audio,
1411 2004 1545 2040 maior.

345 2134 425 2168 280
