1572 2378
573 169 613 206 M
622 169 653 206 A
663 169 798 208 RCUS
837 168 1081 209 TULLIUS
1121 169 1322 209 CICERO

342 262 566 307 acceptum.
630 257 704 295 Est
741 256 842 295 illud
880 257 1047 309 quidem
1086 258 1251 310 ἐργῶδες,
1290 257 1363 297 sed
1400 260 1550 300 ἇνεκτὸν

341 327 522 379 mihique
541 330 825 378 gratissimum.
887 328 949 366 De
974 331 1094 367 armis
1119 328 1221 367 nihil
1248 329 1328 367 vidi
1357 332 1545 381 apertius.

343 398 558 450 Fugiamus
576 402 713 450 igitur,
735 404 778 438 et
796 404 843 438 ut
861 402 928 438 ais.
988 400 1130 438 Coram
1159 400 1429 451 Theophanes
1450 401 1545 454 quid

341 469 452 517 velit,
471 473 617 509 nescio.
675 470 898 522 Scripserat
918 473 1025 509 enim
1046 470 1097 509 ad
1116 484 1194 511 me.
1253 471 1327 510 Cui
1350 474 1546 524 rescripsi,

340 546 387 580 ut
403 543 528 592 potui.
588 541 691 578 Mihi
719 547 857 580 autem
886 542 1025 580 scribit
1051 545 1189 580 venire
1209 542 1261 580 ad
1279 556 1345 581 me
1365 556 1408 582 se
1427 543 1545 591 velle,

339 616 386 650 ut
404 617 448 650 et
466 612 518 650 de
539 615 619 650 suis
638 613 757 651 rebus
777 617 820 651 et
839 612 1050 664 quaedam,
1071 625 1174 664 quae
1197 613 1248 651 ad
1275 627 1340 652 me
1366 616 1546 665 pertine-

338 691 441 724 rent.
499 686 605 723 Tuas
622 684 780 723 litteras
800 690 1002 736 exspecto.
1062 685 1178 732 Vide,
1193 699 1355 737 quaese,
1374 699 1428 726 ne
1446 688 1545 739 quid

337 763 492 796 temere
512 757 591 796 fiat.

390 830 544 870 Statius
562 832 722 881 scripsit
740 829 792 867 ad
811 842 877 867 me
898 829 1077 868 locutum
1099 843 1236 868 secum
1256 843 1343 869 esse
1364 831 1412 879 Q.
1431 831 1544 870 Cice—

337 914 474 940 ronem
501 901 618 939 valde
643 901 931 939 adseveranter
957 914 1000 938 se
1027 900 1127 939 haec
1156 900 1262 939 ferre
1292 915 1373 940 non
1403 915 1542 953 posse3

334 979 490 1012 certum
506 974 582 1011 sibi
598 986 685 1011 esse
700 972 751 1010 ad
768 972 938 1010 Brutum
960 978 1002 1011 et
1023 973 1201 1011 Cassium
1220 976 1403 1013 transire.
1449 974 1542 1013 Hoc

334 1048 443 1083 enim
464 1058 557 1083 vero
578 1058 686 1083 nunc
706 1044 862 1082 discere
882 1057 1005 1082 aveo:
1034 1044 1111 1082 hoc
1132 1058 1208 1096 ego
1227 1045 1324 1096 quid
1345 1048 1398 1084 sit
1418 1049 1541 1085 inter-

332 1119 482 1167 pretari
501 1129 583 1154 non
606 1129 780 1167 possum.
841 1115 982 1153 Potest
1009 1115 1162 1167 aliquid
1189 1118 1315 1154 iratus
1345 1116 1538 1166 Antonio,

332 1193 468 1239 potest
500 1187 669 1238 gloriam
701 1189 782 1224 iam
814 1199 959 1224 novam
993 1199 1204 1238 quaerere,
1234 1192 1373 1238 potest
1405 1193 1540 1227 totum

331 1272 419 1299 esse
446 1259 686 1312 σχεδίασμσ.;
715 1263 760 1296 et
786 1259 977 1296 nimirum
1005 1260 1063 1296 ita
1086 1263 1159 1296 est.
1217 1257 1300 1297 Sed
1328 1263 1468 1298 tamen
1495 1265 1540 1299 et

331 1344 408 1382 ego
427 1343 580 1377 vereor,
600 1335 644 1368 et
661 1334 778 1380 pater
796 1329 1061 1367 conturbatus
1080 1334 1167 1375 est;
1195 1331 1272 1368 scit
1292 1332 1414 1378 enim,
1433 1343 1537 1382 quae

330 1402 398 1441 ille
435 1402 488 1440 de
525 1402 615 1449 hoc,
652 1414 813 1440 mecum
851 1400 1015 1452 quidem
1054 1401 1184 1451 ἄφατα
1223 1400 1332 1440 olim.
1399 1401 1535 1448 Plane,

328 1474 426 1526 quid
464 1474 575 1520 velit,
604 1475 751 1511 nescio.
821 1471 858 1509 A
892 1471 1104 1510 Dolabella
1135 1471 1328 1510 mandata
1364 1455 1536 1520 habebo,

327 1559 430 1597 quae
459 1545 558 1582 mihi
589 1544 848 1590 videbuntur,
881 1543 922 1580 id
955 1548 1017 1581 est
1054 1541 1166 1580 nihil.
1237 1541 1314 1580 Dic
1343 1542 1456 1591 mihi,
1490 1543 1532 1581 C.

328 1617 531 1654 Antonius
589 1615 770 1653 voluitne
823 1614 908 1652 fieri
961 1614 1209 1664 septemvir?
1285 1612 1379 1652 Fuit
1421 1619 1532 1653 certe

325 1688 484 1739 dignus.
557 1687 619 1725 De
663 1685 910 1724 Menedemo
958 1690 1033 1732 est,
1080 1690 1128 1723 ut
1172 1685 1322 1723 scribis.
1394 1684 1532 1724 Facies

325 1761 459 1797 omnia
485 1758 585 1795 mihi
614 1762 722 1796 nota.

369 1888 381 1909 ¹
402 1889 476 1921 The
492 1887 772 1920 commissionem
787 1886 842 1920 for
858 1886 1093 1930 distributing
1109 1886 1193 1920 land
1209 1887 1244 1920 in
1263 1886 1402 1930 Epirus.

366 1933 378 1952 ²
402 1932 514 1966 Seven
537 1931 816 1965 commissionem
840 1941 932 1964 were
955 1930 1149 1974 appointed
1172 1934 1210 1964 to
1233 1930 1426 1964 distribute
1445 1930 1529 1964 land

323 2150 401 2191 346
