1572 2378
41 812 120 850 Scr.
148 811 186 848 in
217 810 309 848 Tus-

41 866 173 903 culano
189 866 289 917 prid.

44 921 91 958 K.
116 921 196 958 Iun.
219 933 254 958 a.

46 976 122 1014 710

554 172 780 211 MARCUS
817 173 1061 212 TULLIUS
1100 174 1302 215 CICERO

329 261 530 299 librariolo
566 275 638 300 suo
673 261 834 299 videtur
866 262 997 300 obisse
1030 262 1278 313 legationem
1315 268 1362 303 et
1395 278 1536 304 omnes

327 327 604 378 captiunculas
646 330 945 378 pertimescere.
1024 328 1235 367 Debuerat
1273 334 1414 369 autem
1452 343 1535 370 uon

328 396 415 430 “ex
445 395 531 430 iure
559 405 724 430 manum
753 393 1024 440 consertum,⁷’
1054 393 1126 431 sed
1155 407 1259 446 quae
1287 399 1536 447 sequuntur3

328 464 455 509 tuque
475 458 636 497 scribes.

726 734 866 759 elctno
896 734 1036 759 A'r‘rxco
1065 734 1143 760 sAL.

387 805 481 843 Post
513 810 631 843 tuum
660 804 881 843 discessum
912 805 1026 842 binas
1056 818 1079 842 a
1113 805 1238 843 Balbo
1270 805 1391 858 (nihil
1423 807 1536 862 novi)

328 874 509 922 itemque
525 871 576 908 ab
593 870 743 917 Hirtio,
758 873 827 921 qui
846 883 889 908 se
905 871 1044 908 scribit
1059 870 1326 911 vehementer
1339 873 1534 913 offensum

329 950 416 974 esse
438 938 649 974 veteranis.
704 935 926 986 Exspectat
944 939 1114 982 animus,
1135 937 1327 987 quidnam
1346 952 1464 989 agam
1482 939 1535 979 de

333 1002 380 1040 K.
424 1002 514 1040 Misi
535 1004 660 1052 igitur
679 1001 870 1040 Tironem
891 1006 934 1039 et
954 1015 1045 1039 cum
1060 1001 1208 1040 Tirone
1229 1003 1376 1053 plures,
1389 1005 1536 1056 quibus

326 1068 510 1119 singulis,
538 1073 585 1106 ut
611 1070 786 1120 quicque
814 1067 1040 1115 accidisset,
1069 1067 1186 1107 dares
1213 1069 1383 1118 litteras,
1411 1075 1535 1124 atquc

326 1137 449 1172 etiam
482 1136 622 1184 scripsi
651 1133 703 1171 ad
735 1134 959 1171 Antonium
991 1133 1043 1171 de
1074 1133 1295 1184 legatione,
1323 1148 1391 1183 ne,
1420 1138 1454 1174 si
1482 1136 1533 1175 ad

327 1199 582 1238 Dolabellam
606 1199 736 1237 solum
761 1202 1020 1250 scripsissem,
1042 1200 1257 1238 iracundus
1281 1200 1402 1239 homo
1427 1215 1534 1240 com-

326 1271 566 1303 moveretur.
626 1264 746 1312 Quod
785 1270 922 1303 autem
961 1265 1095 1302 aditus
1127 1265 1179 1303 ad
1213 1279 1305 1304 eum
1338 1266 1535 1306 difficilior

323 1338 413 1370 'esse
433 1331 594 1378 dicitur,
613 1334 751 1382 scripsi
772 1330 822 1368 ad
854 1331 1132 1381 Eutrapelum,
1154 1336 1199 1369 ut
1219 1334 1252 1370 is
1272 1335 1308 1370 ei
1329 1346 1440 1371 meas
1467 1332 1536 1372 lit--

325 1403 432 1436 teras
453 1396 655 1435 redderet.
698 1397 922 1446 Legatione
939 1396 1037 1433 mihi
1053 1410 1153 1447 opus
1169 1410 1268 1436 esse.
1312 1397 1535 1437 Honestior

325 1468 389 1501 est
408 1465 554 1509 votiva,
575 1462 645 1500 sed
666 1462 764 1500 licet
784 1465 842 1499 uti
864 1467 1045 1512 utraque.

382 1528 445 1566 De
479 1534 532 1574 te,
569 1541 732 1579 quaeso,
766 1530 888 1565 etiam
923 1534 1046 1578 atque
1081 1531 1205 1566 etiam
1239 1528 1341 1567 vide.
1401 1529 1532 1568 Velim

325 1597 452 1646 possis
481 1607 638 1639 coram;
675 1596 707 1631 si
736 1596 882 1638 minus,
913 1593 1060 1631 litteris
1090 1593 1199 1631 idem
1228 1607 1530 1646 consequemur.

327 1660 545 1697 Graeceius
575 1659 626 1697 ad
657 1672 723 1696 me
753 1661 912 1709 scripsit
942 1659 983 1696 C.
1017 1659 1196 1697 Cassium
1227 1660 1302 1697 sibi
1330 1663 1533 1711 scripsisse

327 1725 511 1763 homines
531 1727 762 1775 comparari,
785 1727 853 1775 qui
874 1727 1018 1763 armati
1043 1727 1084 1762 in
1105 1724 1377 1763 Tusculanum
1397 1728 1533 1765 mitte-

327 1796 479 1829 rentur.
539 1790 587 1828 Id
610 1789 775 1841 quidem
799 1789 898 1827 mihi
922 1803 1002 1827 non
1024 1789 1261 1836 videbatur3
1290 1790 1362 1829 sed
1390 1804 1534 1830 caven-

327 1856 425 1895 dum
446 1862 585 1894 tamen
604 1855 843 1906 tutelaeque
864 1855 1000 1905 plures
1020 1855 1232 1893 videndae.
1282 1855 1363 1894 Sed
1382 1851 1532 1908 aliquid

327 1924 525 1959 crastinus
544 1920 631 1958 dies
650 1920 700 1957 ad
721 1919 983 1970 cogitandum
1004 1920 1119 1957 nobis
1137 1918 1262 1958 dabit.

374 2020 383 2040 ¹
408 2020 482 2052 The
504 2019 691 2062 quotation
716 2017 804 2050 from
830 2017 965 2049 Ennius
988 2017 1194 2050 continues:
1227 2018 1287 2050 aed
1316 2017 1413 2059 mayt‘
1431 2017 1534 2060 ferro

331 2064 414 2097 Rem
432 2068 597 2106 repetant.
646 2061 759 2094 What
782 2060 924 2094 Servius
947 2060 1124 2104 Sulpicius
1147 2071 1218 2093 was
1242 2061 1482 2106 undertaking
1503 2062 1534 2095 is

333 2152 411 2192 816
