1572 2378
572 168 799 207 MARCUS
836 168 1082 207 TULL1US
1121 168 1322 208 CICERO

395 255 461 296 De
484 257 717 309 Lepidianis
736 257 846 296 seriis
867 258 1016 296 Balbus
1035 258 1086 297 ad
1105 271 1172 297 me
1187 271 1315 311 usque
1329 258 1382 298 ad
1397 272 1441 298 m
1458 259 1545 301 Kal.

342 328 597 380 Exspectabo
616 334 706 367 tuas
725 328 882 367 litteras
900 329 1115 380 mequede
1130 329 1322 382 Torquati
1341 329 1548 382 negotiolo

340 403 535 439 sciturum
558 406 669 452 puto.
728 400 874 449 Quinti
896 400 1054 439 litteras
1073 401 1125 439 ad
1147 406 1191 440 te
1213 403 1318 449 misi,
1338 407 1385 441 ut
1411 403 1546 451 adres,

340 486 461 523 quam
492 473 610 511 valde
643 486 738 512 eum
772 478 939 520 amaret,
973 485 1095 524 quem
1128 471 1243 512 dolet
1273 487 1298 511 a
1333 478 1378 512 te
1414 475 1548 513 minus

339 546 475 582 amari.
535 544 712 591 Atticae,
737 547 940 595 quoniam,
972 543 1079 594 quod
1110 546 1309 595 optimum
1339 546 1382 583 in
1412 547 1546 597 puetis

339 620 417 663 est,
437 615 606 653 hilarula
626 621 702 663 est,
720 619 821 654 meis
841 616 972 654 verbis
990 618 1170 654 suavium
1189 615 1263 654 des
1283 615 1383 654 volo.
1435 598 1440 603 .

898 788 979 826 XII

733 889 872 914 CICERO
902 889 1042 914 ATTICO
1071 889 1149 914 SAL.

51 971 128 1008 Scr.
150 969 189 1008 in
391 965 501 1016 Oppi
539 964 749 1016 epistulae,
785 967 879 1015 quia
916 964 1166 1014 perhumana
1203 969 1300 1011 erat,
1341 965 1416 1004 tibi
1452 967 1543 1005 misi

56 1024 256 1117 ῗξῗῖῗῖῗὲθ
337 1036 581 1087 exemplum.
641 1035 705 1074 De
726 1035 882 1082 Ocella,
902 1035 1000 1073 dum
1022 1040 1066 1074 tu
1090 1038 1311 1086 muginaris
1339 1049 1416 1074 nec
1442 1035 1542 1076 mihi
1568 1069 1572 1080 2

54 1132 135 1171 Nov
174 1147 209 1173 a.
242 1136 318 1174 710
336 1110 551 1158 quicquam
570 1107 767 1153 rescribis,
787 1108 876 1156 cepi
897 1106 1107 1144 consilium
1123 1105 1390 1144 domesticum
1405 1109 1540 1160 itaque
1564 1133 1572 1141 „

334 1191 400 1216 me
430 1191 488 1228 pr.
524 1177 621 1215 Idus
649 1178 822 1215 arbitror
855 1177 1003 1215 Romae
1033 1176 1225 1215 futurum.
1284 1175 1572 1231 Commodiu85²

332 1255 396 1288 est
419 1252 547 1287 visum
570 1249 718 1287 frustra
745 1261 811 1286 me
837 1250 928 1287 istic
954 1261 1056 1295 esse,
1075 1261 1167 1286 cum
1195 1248 1237 1286 id
1263 1261 1344 1286 non
1374 1260 1540 1290 necesse
1568 1259 1572 1278 '-

332 1321 450 1362 esset,
473 1328 607 1366 quam,
627 1317 659 1352 si
688 1327 788 1365 opus
818 1319 940 1361 esset,
959 1327 1040 1351 non
1068 1313 1225 1362 adesse,
1254 1318 1298 1352 et
1325 1313 1457 1362 simul,
1484 1326 1539 1355 ne

331 1387 639 1433 intercluderer,
664 1386 909 1424 metuebam.
969 1385 1045 1423 Ille
1072 1387 1181 1423 enim
1209 1387 1289 1423 iam
1317 1385 1539 1427 adventure
1568 1435 1572 1437 ‘

331 1463 477 1509 potest.
536 1458 625 1496 Etsi
651 1459 748 1494 varii
778 1469 957 1494 rumores
984 1455 1198 1507 multique,
1218 1468 1317 1508 quos
1346 1468 1536 1507 cuperem

329 1542 468 1575 veros;
506 1528 607 1566 nihil
638 1533 778 1566 tamen
809 1529 921 1565 certi.
981 1526 1070 1577 Ego
1100 1539 1205 1573 vero,
1239 1526 1429 1578 quiequid
1459 1530 1534 1576 est,

327 1606 466 1640 tecum
485 1602 633 1651 potius,
653 1612 773 1650 quam
792 1601 915 1636 animi
941 1598 1158 1649 pendeam,
1177 1611 1270 1637 cum
1287 1612 1312 1636 a
1330 1603 1374 1637 te
1394 1599 1536 1647 absim,
1568 1603 1572 1611 ³

328 1677 373 1711 et
395 1671 447 1710 de
471 1676 514 1709 te
537 1676 582 1709 et
606 1670 658 1708 de
684 1683 763 1708 me.
821 1669 903 1707 Sed
930 1669 1028 1721 quid
1057 1670 1133 1707 tibi
1160 1668 1322 1707 dicam?
1378 1669 1535 1708 Bonum
1567 1681 1572 1711 1

328 1746 518 1781 animum.
592 1741 655 1780 De
693 1740 956 1793 Ἠρακλειδείῳ
994 1741 1181 1778 Varronis
1218 1742 1383 1792 negotia
1420 1739 1531 1780 salsa.
1568 1738 1572 1785 ’ζ

331 1814 401 1852 Me
420 1807 584 1865 quidem
605 1812 704 1850 nihil
726 1825 917 1863 umquam
946 1814 1002 1850 sic
1032 1811 1264 1850 delectavit.
1322 1811 1404 1851 Sed
1433 1810 1535 1853 haec

330 1890 374 1924 et
392 1884 470 1922 alia
487 1887 637 1921 maiora
655 1896 800 1921 coram.

328 2152 406 2188 412
