1572 2378
44 1482 123 1520 Scr.
149 1481 187 1519 in
215 1480 310 1519 Tus-

45 1535 177 1574 culano
204 1534 238 1572 V
238 1534 287 1572 II

48 1590 104 1629 Id.
126 1589 250 1633 Quint.
277 1602 312 1627 a.

50 1645 126 1685 709

553 174 779 213 MARCUS
817 174 1063 214 TULLIUS
1100 174 1300 214 CICERO

322 265 442 309 vinci,
461 275 558 301 sane
577 263 683 301 bene
702 276 849 302 narras.
910 263 973 302 De
993 266 1289 311 aestimatione,
1309 269 1357 303 ut
1375 264 1526 311 scribis,

323 346 415 371 cum
451 346 574 384 agere
611 336 887 385 coeperimus;
930 337 1007 373 etsi
1041 334 1143 372 nihil
1176 337 1336 386 scripsit
1367 336 1445 373 nisi
1475 333 1528 375 de

322 404 443 442 modo
461 407 560 455 agri.
608 404 710 443 Cum
731 404 889 453 Pisone,
909 408 942 444 si
962 406 1059 457 quid
1079 408 1241 457 poterit.
1291 405 1528 445 Dicaearchi

323 475 471 514 librum
489 477 627 526 accepi
646 481 692 515 et
710 477 959 527 καταβάσεως
987 482 1191 528 exspecto.

419 575 428 584 .
459 575 469 585 .
499 548 710 596 negotium
730 546 903 595 dederis,
918 550 1097 598 reperiet
1115 560 1167 586 ex
1186 561 1235 586 eo
1253 547 1368 595 libro,
1388 550 1431 586 in
1449 560 1529 600 quo

325 622 421 655 sunt
439 622 604 655 senatus
629 618 813 656 consulta
833 618 904 658 Cn.
926 618 1125 666 Cornelio,
1145 618 1190 658 L.
1214 619 1411 667 Mummio
1429 632 1526 659 coss.

326 689 391 727 De
428 689 631 727 Tuditano
667 695 806 728 autem
844 690 952 742 quod
989 696 1121 741 putas,
1160 691 1318 742 εὔλογον
1349 696 1412 730 est
1441 696 1527 731 tum

324 760 449 808 illum,
471 763 662 811 quoniam
680 760 759 799 fuit
777 761 828 799 ad
849 761 1089 799 Corinthum
1111 759 1214 813 (non
1236 764 1346 800 enim
1374 767 1530 801 temere

325 833 429 871 dixit
458 831 734 885 Hortensius),
756 838 828 872 aut
853 839 1109 885 quaestorem
1127 838 1200 871 aut
1218 834 1426 872 tribunum
1444 833 1526 874 mil.

325 904 461 951 fuisse,
490 904 613 956 idque
642 907 777 955 potius
806 905 938 943 credo.
996 904 1058 943 Tu
1086 903 1167 943 de1
1196 905 1402 943 Antiocho
1429 908 1530 944 scire

325 979 477 1028 poteris
522 975 714 1015 videlicet
728 976 744 1000 ²
782 979 918 1024 etiam,
958 989 1038 1028 quo
1082 988 1191 1014 anno
1236 982 1427 1028 quaestor
1459 982 1532 1016 aut

325 1048 512 1086 tribunus
540 1046 622 1086 mil.
655 1046 804 1093 fuerit;
843 1050 876 1085 si
908 1052 1114 1094 neutrum,
1142 1047 1318 1095 saltem‚³
1346 1050 1388 1086 in
1418 1061 1532 1099 prae-

326 1119 444 1157 fectis
472 1131 524 1156 an
552 1121 595 1156 in
625 1118 981 1157 contubernalibus
1009 1117 1146 1165 fuerit,
1175 1118 1296 1156 modo
1334 1118 1458 1158 fuerit
1487 1121 1529 1158 in

326 1203 376 1229 eo
404 1189 523 1230 bello.

824 1313 1037 1352 XXXIIIa

723 1406 863 1432 clcssno
893 1406 1033 1431 ATTICO
1062 1406 1139 1432 SAL.

386 1473 447 1512 De
477 1473 656 1511 Varrone
684 1473 970 1524 loquebamur:
1000 1473 1118 1524 lupus
1141 1475 1183 1510 in
1206 1472 1352 1512 fabula.
1410 1473 1535 1512 Venit

331 1538 440 1583 enim
468 1544 521 1582 ad
549 1557 615 1583 me
644 1550 688 1583 et
715 1544 881 1595 quidem
911 1544 954 1582 id
983 1546 1191 1594 temporis,
1221 1549 1267 1582 ut
1296 1543 1535 1583 retinendus

333 1621 451 1656 esset.
509 1616 591 1655 Sed
620 1629 698 1667 ego
726 1618 784 1654 ita
812 1618 892 1666 egi,
918 1620 965 1654 ut
989 1628 1071 1652 non
1101 1614 1363 1654 “scinderem
1383 1627 1535 1666 paenu-

334 1687 447 1725 lam”
478 1686 664 1740 (memini
692 1689 802 1724 enim
830 1684 989 1738 tuum):
1019 1691 1062 1724 et
1089 1685 1209 1724 multi
1237 1690 1354 1724 erant
1381 1698 1535 1738 nosque

330 1760 527 1809 imparati.
586 1757 697 1805 Quid
717 1757 869 1795 refert?
929 1756 1052 1794 Paulo
1080 1761 1172 1807 post
1201 1755 1242 1796 C.
1271 1755 1415 1806 Capito
1442 1768 1535 1795 cum

331 1830 375 1869 T.
416 1829 635 1868 Carrinate.
716 1829 872 1867 Horum
920 1841 996 1879 ego
1042 1830 1108 1866 vix
1148 1829 1269 1879 attigi
1309 1827 1533 1878 paenulam.

329 1900 483 1938 Tamen
521 1903 818 1946 remanserunt,
856 1898 1086 1949 ceciditque
1128 1897 1247 1937 belle.
1324 1897 1406 1936 Sed
1443 1911 1534 1937 casu

375 1978 389 1999 ¹
410 1978 519 2011 fuisse
535 2003 543 2012 .
564 2003 572 2012 .
594 2004 602 2012 .
621 1978 667 2011 de
684 1989 726 2011 as
740 1977 898 2011 Ernesti:
924 1976 1030 2020 idque
1053 1977 1173 2020 potius
1188 1976 1306 2010 fuisse.
1356 1977 1417 2010 sed
1433 1977 1538 2011 credo

332 2027 367 2055 te
384 2021 429 2054 de
445 2022 496 2055 M.
631 2021 645 2042 ²
668 2021 836 2054 videlicet
851 2021 1028 2055 Schmidt:
1054 2020 1135 2053 vide
1153 2021 1254 2054 MSS.

374 2065 388 2085 ³
410 2066 536 2098 saltem
563 2065 713 2100 Gurlitc:
738 2065 852 2098 ea'de
878 2066 944 2100 M:
973 2064 1077 2098 cadet
1103 2066 1166 2106 (et)
1195 2063 1282 2105 20¹,
1310 2063 1343 2097 L
1370 2065 1536 2108 (mara-h

330 2108 451 2142 endem
472 2108 526 2144 0².
