1546 2378
524 172 752 212 MARCUS
790 173 1036 212 TULLIUS
1075 174 1276 214 CICERO

293 259 557 298 celeberrimo
593 260 695 306 loco,
733 261 807 300 sed
845 261 1036 312 pusillum
1070 262 1160 310 loci,
1193 262 1244 302 ad
1278 262 1382 302 hane
1412 276 1498 303 rem

293 330 433 364 tamen
451 325 542 377 plus
560 328 684 364 etiam
704 340 824 378 quam
841 330 948 365 satis.
999 327 1046 365 Id
1063 327 1183 365 velim
1198 331 1364 379 cogites.
1412 328 1500 368 Nec

294 394 432 427 tamen
461 391 539 427 ista
566 393 696 440 pretia
727 389 936 428 hortorum
965 393 1233 441 pertimueris.
1292 391 1379 430 Nec
1400 391 1499 430 mihi

294 454 372 489 iam
390 457 562 502 argento
581 464 658 490 nee
678 457 792 490 veste
807 465 908 503 opus
929 458 991 490 est
1011 466 1087 491 nec
1107 453 1347 504 quibusdam
1365 466 1500 493 amoe-

294 518 356 554 nis
386 515 508 562 locis;
548 516 626 554 hoc
669 530 770 568 opus
808 522 882 555 est.
954 516 1081 556 Video
1119 520 1256 566 etiam,
1293 531 1318 557 a
1353 519 1500 572 quibus

293 581 471 620 adiuvari
500 584 660 632 possim.
718 582 800 621 Sed
820 582 986 634 loquere
1006 596 1097 621 cum
1118 583 1240 630 Silio;
1268 583 1370 622 nihil
1390 586 1499 623 enim

294 652 359 685 est
377 647 531 685 melius.
591 646 783 685 Mandavi
803 650 927 685 etiam
947 647 1097 686 Siccae.
1160 648 1379 700 Rescripsit
1406 662 1500 688 con·

293 714 483 749 stitutum
510 725 554 750 se
582 725 674 750 cum
703 725 752 750 eo
781 712 942 751 habere.
971 748 979 753 ,
1002 712 1162 751 Scribet
1190 716 1315 766 igitur
1340 714 1394 753 ad
1420 727 1500 763 me,

294 777 391 829 quid
412 780 556 828 egerit,
577 783 621 817 et
640 783 685 816 tu
707 778 873 816 videbis.

831 952 969 990 XXIV

691 1045 830 1070 CICERO
861 1044 1000 1070 A'rTlco
1029 1045 1106 1071 SAL.

14 1115 89 1152 Scr.
119 1114 278 1152 Asturae
350 1111 462 1150 Bene
481 1110 580 1149 fecit
599 1111 647 1149 A.
671 1111 804 1158 Silius,
824 1114 893 1162 qui
912 1114 1169 1163 transegerit.
1225 1113 1372 1166 Neque
1390 1116 1498 1154 enim

14 1168 122 1206 XIII
141 1168 189 1206 K.

295 1180 333 1215 ei
363 1177 506 1215 deesse
539 1176 722 1215 volebam
753 1182 809 1224 et,
841 1176 938 1228 quid
969 1189 1141 1228 possem,
1171 1179 1377 1218 timebam.
1435 1179 1500 1219 De

14 1224 96 1274 ‘41²⁷'
96 1251 105 1261 ·
133 1237 168 1260 ‘⁸‘
190 1236 224 1260 ¹⁴·
246 1235 275 1261 ⁶·
297 1243 400 1282 Ovia
427 1242 592 1290 confice,
621 1247 668 1280 ut
695 1243 844 1280 scribis.
905 1241 968 1280 De
998 1242 1192 1282 Cicerone
1220 1248 1384 1296 tempus
1412 1258 1500 1285 esse

17 1278 92 1317 709

295 1311 374 1347 iam
393 1308 578 1354 videtur3
605 1307 678 1347 sed
705 1321 866 1360 quaero,
888 1308 996 1360 quod
1015 1308 1075 1346 illi
1094 1321 1194 1360 opus
1215 1311 1306 1357 erit,
1327 1309 1500 1349 Athenis

295 1376 568 1425 permutarine
597 1376 725 1424 possit
752 1387 803 1411 an
833 1376 909 1424 ipsi
938 1373 1154 1412 ferendum
1174 1377 1238 1422 sit,
1258 1374 1311 1414 de
1331 1380 1499 1428 totaque

295 1453 351 1486 re,
370 1453 492 1491 quem
510 1439 562 1477 ad
582 1438 746 1477 modum
767 1444 811 1477 et
830 1439 991 1490 quando
1020 1439 1192 1490 placeat,
1223 1439 1343 1478 velim
1371 1443 1500 1480 consi·

294 1505 422 1542 deres.
487 1504 678 1542 Publilius
706 1508 891 1543 iturusne
910 1507 1025 1543 sitin
1046 1504 1224 1543 Africam
1253 1511 1298 1545 et
1324 1506 1499 1558 quando,

295 1583 344 1608 ex
371 1569 518 1607 Aledio
547 1572 647 1608 scire
675 1572 838 1620 poteris.
898 1569 1078 1617 Quaeras
1107 1575 1151 1609 et
1177 1570 1229 1609 ad
1257 1584 1324 1610 me
1352 1572 1500 1611 scribas

295 1635 426 1674 velim.
486 1635 553 1683 Et,
581 1640 629 1674 ut
655 1635 708 1674 ad
735 1648 845 1674 meas
874 1637 1048 1686 ineptias
1077 1635 1255 1684 redeam,
1283 1636 1406 1676 velim
1433 1650 1499 1677 me

293 1703 508 1739 certiorem
527 1700 663 1747 facias,
689 1700 730 1738 P.
752 1699 928 1748 Crassus,
958 1701 1181 1739 Venuleiae
1209 1701 1326 1750 filius,
1354 1705 1499 1741 vivone

297 1766 336 1805 P.
369 1766 509 1804 Crasso
541 1766 752 1813 consulari,
784 1771 899 1817 patre
929 1779 1014 1814 suo,
1042 1772 1224 1806 mortuus
1252 1769 1318 1815 sit,
1347 1773 1395 1807 ut
1422 1780 1499 1820 ego

293 1834 525 1870 meminisse
545 1831 695 1879 videor,
715 1844 766 1869 an
786 1837 888 1882 post.
948 1831 1056 1871 Item
1078 1845 1228 1884 quaero
1249 1832 1303 1872 de
1328 1832 1500 1886 Regillo,

295 1896 440 1948 Lepidi
460 1896 553 1943 filio,
572 1901 738 1936 rectene
762 1899 1017 1936 meminerim
1036 1902 1153 1948 patre
1172 1900 1263 1936 vivo
1281 1903 1497 1938 mortuum.

293 1962 479 2012 Cispiana
517 1962 735 2013 explicabis
774 1965 955 2014 itemque
995 1962 1197 2002 Preciana.
1259 1963 1321 2002 De
1360 1965 1499 2004 Attica

292 2031 458 2079 optime.
517 2027 571 2066 Et
590 2031 627 2066 ei
649 2028 821 2067 salutem
842 2028 953 2066 dices
973 2033 1016 2067 et
1039 2028 1172 2068 Piliae.

293 2153 344 2188 52
