1592 2366
578 159 804 199 MARCUS
838 160 1084 200 TULLIUS
1123 161 1324 200 CICERO

345 246 451 284 bene
469 251 608 285 nosset
626 246 680 286 de
697 260 808 295 auro,
827 247 960 286 Pisoni
975 248 1284 288 demonstraret.
1333 249 1423 288 Tibi
1443 252 1551 289 enim

343 325 441 351 sane
468 312 688 360 adsentior,
718 318 762 351 et
789 313 899 351 istud
928 316 1098 351 nimium
1127 313 1196 352 diu
1225 313 1318 352 duci
1347 320 1391 354 et
1417 318 1553 354 omnia

345 391 454 416 nunc
474 377 654 429 undique
683 378 972 416 contrahenda.
1031 379 1090 417 Te
1110 378 1276 430 quidem
1294 379 1397 418 nihil
1417 394 1552 432 agere,

346 442 448 480 nihil
473 444 652 493 cogitare
672 442 796 490 aliud,
816 445 892 481 nisi
912 443 1022 494 quod
1040 442 1092 481 ad
1110 457 1176 482 me
1196 447 1411 495 pertineat,
1434 444 1552 485 facile

344 510 556 560 perspicio,
568 510 751 560 meisque
766 511 943 559 negotiis
958 509 1146 561 impediri
1158 508 1424 561 cupiditatem
1439 516 1551 551 tuam

342 574 394 613 ad
409 587 476 613 me
490 573 694 612 veniendi.
743 573 826 612 Sed
845 588 1006 612 mecum
1026 588 1114 614 esse
1134 581 1177 614 te
1196 581 1310 627 puto,
1325 589 1407 615 non
1421 576 1550 617 solum

343 639 451 691 quod
488 652 621 677 meam
659 652 745 677 rem
782 642 882 690 agis,
922 653 1060 678 verum
1100 643 1223 678 etiam
1265 641 1373 692 quod
1412 641 1550 682 videre

342 702 492 750 videor,
516 715 596 754 quo
624 702 745 740 modo
773 716 880 753 agas.
941 703 1084 754 Neque
1113 707 1223 742 enim
1253 703 1335 742 ulla
1363 704 1459 743 hora
1489 709 1548 744 tui

341 768 440 806 mihi
461 773 524 806 est
543 771 675 819 operis
696 771 845 819 ignota.

916 889 980 927 Vb

735 981 874 1006 CICERO
906 981 1045 1006 ATTICO
1074 981 1151 1007 SAL.

55 1050 133 1088 Scr.
158 1064 196 1088 m
225 1050 320 1088 Tus·
392 1048 596 1086 Tubulum
625 1053 853 1099 praetorem
881 1047 998 1085 video
1019 1047 1063 1085 L.
1088 1047 1274 1095 Metello,
1294 1047 1343 1096 Q.
1367 1049 1546 1087 Maximo

53 1104 184 1142 culam
208 1105 279 1142 ῙῙῙ
339 1114 578 1152 consulibus.
635 1113 753 1151 Nunc
774 1112 908 1159 velim,
930 1112 970 1150 P.
993 1112 1197 1160 Scaevola,
1216 1113 1401 1164 pontifex
1420 1117 1545 1153 maxi-

53 1163 116 1196 “ut
138 1158 185 1196 H
200 1159 258 1197 Id·
296 1219 305 1238 (
337 1193 440 1227 mus,
469 1180 614 1231 quibus
647 1179 878 1216 consulibus
910 1179 1098 1216 tribunus
1126 1178 1180 1230 pl.
1214 1179 1415 1230 Equidem
1444 1185 1545 1232 puto

58 1212 135 1251 [κη’
167 1226 203 1252 α’
242 1215 319 1253 70²)
335 1247 539 1295 proximis,
554 1244 756 1295 Caepione
770 1249 813 1282 et
828 1243 1038 1294 Pompeio3
1052 1249 1215 1295 praetor
1227 1247 1336 1282 enim
1350 1244 1395 1283 L.
1411 1245 1543 1294 Furio,

334 1308 425 1348 Sex.
448 1309 586 1348 Atilio.
648 1309 772 1346 Dabis
798 1311 923 1360 igitur
951 1310 1203 1347 tribunatum
1232 1315 1288 1356 et,
1318 1312 1351 1348 si
1378 1314 1543 1361 poteris,

334 1375 516 1414 Tubulus
549 1388 629 1426 quo
663 1377 841 1412 crimine.
911 1375 965 1412 Et
1002 1374 1108 1422 vide,
1146 1388 1308 1426 quaeso,
1349 1375 1391 1414 L.
1427 1375 1541 1424 Libo,

334 1442 402 1480 ille
430 1444 499 1493 qui
529 1440 581 1479 de
615 1440 699 1479 Ser.
733 1440 875 1486 Galba,
907 1439 1181 1478 Censorinone
1215 1445 1258 1478 et
1294 1440 1461 1479 Manilio
1489 1455 1540 1480 an

333 1507 377 1545 T.
400 1506 607 1554 Quinctio,
631 1506 698 1544 Μ’.
721 1504 853 1542 Acilio
873 1504 1103 1543 consulibus
1122 1505 1309 1544 tribunus
1329 1505 1381 1557 pl.
1403 1505 1538 1546 fuerit.

334 1572 611 1610 Conturbabat
640 1573 749 1608 enim
776 1583 843 1608 me
867 1568 1065 1623 [epitome
1090 1570 1205 1608 Bruti
1226 1569 1473 1625 Fanniana]¹
1497 1575 1539 1610 in

336 1637 449 1675 Bruti
463 1639 641 1687 epitoma
655 1636 952 1673 Fannianorum
973 1634 1147 1689 [scripsi]
1161 1635 1175 1660 1
1195 1635 1304 1688 quod
1319 1641 1406 1674 erat
1419 1639 1458 1674 in
1476 1650 1540 1675 ex-

332 1708 476 1748 tremo,
496 1701 619 1752 idque
640 1714 716 1751 ego
736 1706 898 1739 secutus
920 1700 1028 1739 hune
1051 1701 1260 1748 Fannium,
1287 1703 1355 1752 qui
1380 1705 1540 1754 scripsit

331 1767 553 1814 historiam,
582 1779 779 1817 generum
814 1779 901 1804 esse
934 1769 1171 1816 scripseram
1201 1765 1324 1804 Laeli.
1382 1766 1464 1806 Sed
1492 1772 1538 1807 tu

329 1845 395 1870 me
415 1835 666 1884 γεωμετρικῶς
692 1831 912 1878 refelleras,
941 1837 982 1869 te
1012 1836 1150 1869 autem
1180 1844 1288 1869 nune
1317 1831 1466 1871 Brutus
1495 1839 1539 1872 et

350 1914 362 1935 ²
390 1914 460 1947 The
475 1915 587 1947 words
600 1913 637 1946 in
654 1913 805 1946 brackets
814 1924 875 1946 are
887 1914 1017 1946 deleted
1033 1913 1076 1955 by
1087 1919 1172 1946 most
1184 1913 1311 1946 editors
1325 1925 1366 1946 aa
1380 1913 1512 1956 ylo-esea.

372 2004 384 2026 ¹
410 2006 473 2037 142
487 2013 556 2037 nc.
736 2004 749 2024 ²
776 2005 837 2037 136
854 2013 921 2037 nc.

371 2048 386 2068 ⁸
407 2048 477 2081 For
504 2048 630 2090 taking
654 2059 675 2080 a
700 2047 812 2087 bribe,
839 2047 940 2080 when
967 2047 1148 2091 presiding
1172 2050 1212 2081 at
1237 2057 1259 2080 a
1283 2046 1426 2080 murder
1453 2047 1536 2081 trial

328 2091 477 2175 (¹(32icero‚
494 2092 536 2124 de
553 2091 708 2132 Finibm,
725 2093 758 2131 2,
778 2092 794 2132 ξ
810 2093 877 2132 54).
