1572 2378
32 490 110 529 Scr.
132 491 170 527 in

33 544 237 583 Puteolano

34 598 97 636 IV
114 599 154 637 A
154 613 212 637 on.

36 652 127 692 Nm’·
155 667 189 692 a
223 654 300 693 710
315 675 367 713 ab
387 675 622 712 Octaviano.

544 168 771 208 MARCUS
808 167 1053 207 TULLIUS
1091 165 1293 206 CICERO

868 307 970 345 VIII

712 409 852 435 CICERO
881 409 1022 435 A'r'rico
1049 409 1127 435 su..

373 486 473 524 Cum
494 488 629 533 sciam,
649 499 729 538 quo
750 485 818 524 die
837 490 1031 523 venturus
1053 487 1143 531 sim,
1162 483 1318 529 faciam,
1338 487 1386 521 ut
1406 483 1516 520 scias.
1563 479 1572 535 l?

321 549 621 600 Impedimenta
640 547 914 599 exspectanda
934 552 1044 595 sunt,
1062 559 1166 599 quae
1195 546 1382 597 Anagnia
1407 547 1519 584 veni·

317 617 406 660 unt,
426 618 469 650 et
492 611 643 649 familia
660 616 874 665 aegra-est.
935 610 1023 649 Kal.
1041 612 1203 667 vesperi
1229 609 1392 648 litterae
1419 606 1519 647 mihi

643 657 835 774 l(Magna
852 669 1050 712 molitur.
1019 697 1049 735 ·J
1082 672 1318 718 veteranos,
1337 672 1519 723 quisunt

314 737 476 776 Casilini
510 742 554 775 et
587 736 641 774 Ca
658 739 779 784 atiae,
807 736 998 787 perduxit
1029 735 1079 773 ad
1114 748 1227 773 suam
1259 735 1517 775 sententiam.

315 801 403 839 Nec
431 802 591 846 mirum,
622 802 848 850 quingenos
879 798 1065 836 denarios
1095 797 1177 836 dat.
1236 797 1400 848 Cogitat
1427 794 1520 835 reli·
1556 791 1572 840 'J

313 876 413 914 quas
431 862 606 900 colonias
635 862 758 918 OQ
820 860 943 899 Plane
972 859 1049 899 hoc
1077 864 1250 919 spectat,
1270 864 1317 898 ut
1343 871 1388 897 se
1415 857 1520 897 duce
1564 875 1566 880 v

313 925 466 964 bellum
495 930 659 976 geratur
687 937 779 962 cum
808 923 1001 962 Antonio.
1001 907 1208 974 Itaque
1237 921 1356 960 video
1383 920 1520 973 paucis
1557 912 1572 938 ³²

313 987 457 1026 diebus
481 1001 553 1025 nos
579 989 620 1024 in
644 989 764 1024 armis
792 985 890 1025 fore.
950 985 1085 1034 Quem
1112 990 1251 1024 autem
1277 983 1520 1036 sequamur?
1570 1015 1572 1018 .

317 1050 419 1089 Vide
449 1063 614 1097 nomen,
642 1049 734 1088 vide
761 1054 952 1087 aetatem.
1011 1048 1149 1099 Atque
1178 1061 1203 1085 a
1231 1059 1298 1085 me
1327 1045 1519 1098 postulat,
1557 1043 1572 1083 ’ἴ

314 1116 489 1164 primum
517 1117 564 1150 ut
591 1111 695 1150 clam
724 1111 989 1167 conloquatur
1007 1123 1168 1149 mecum
1187 1109 1252 1148 vel
1275 1109 1436 1159 Capuae
1454 1107 1518 1147 vel
1560 1109 1572 1167 ,J

313 1189 394 1214 non
414 1176 537 1226 longe
556 1188 580 1212 a
599 1174 745 1225 Capua.
807 1174 965 1212 Puerile
985 1173 1061 1211 hoc
1084 1172 1264 1224 quidem,
1282 1174 1315 1211 si
1338 1171 1380 1210 id
1403 1175 1520 1222 putat

313 1239 417 1277 clam
441 1231 526 1276 fieri
546 1250 674 1289 posse.
734 1236 865 1275 Docui
884 1249 958 1288 per
975 1236 1134 1275 litteras
1153 1235 1195 1273 id
1214 1248 1290 1273 nec
1310 1247 1410 1286 opus
1431 1245 1518 1273 esse

254 1340 258 1343 ,
313 1315 390 1340 nec
421 1302 506 1339 fieri
545 1313 703 1354 posse.
704 1298 848 1338 Misit
884 1298 937 1337 ad
972 1312 1039 1337 me
1070 1298 1283 1337 Caecinam
1314 1295 1516 1349 quendam
1558 1295 1564 1302 ⁸

314 1364 624 1402 Volaterranum
658 1332 896 1400 familiarem
930 1374 1069 1406 suum;
1103 1363 1173 1413 qui
1205 1360 1306 1399 haec
1336 1359 1518 1411 pertulit,
1551 1377 1566 1390 ν

317 1427 540 1464 Antonium
556 1438 649 1463 cum
668 1424 831 1474 legione
845 1422 1094 1462 Alaudarum
1108 1422 1159 1461 ad
1177 1423 1318 1460 urbem
1335 1433 1518 1479 peggege,

315 1491 505 1540 pecunias
537 1489 766 1537 municipiis
799 1489 1012 1538 imperare,
1044 1485 1247 1536 legionem
1284 1485 1359 1523 sub
1395 1485 1520 1536 signis
1555 1483 1557 1486 ⁴

313 1552 474 1590 ducere.
533 1549 807 1596 consultabat,
830 1554 966 1587 utrum
989 1537 1223 1586 Romam
1174 1561 1266 1585 cum
1292 1559 1353 1586 cto
1375 1559 1437 1586 cm
1458 1558 1519 1586 clo

314 1608 948 1663 veteranorutffisrfflicisceretur
977 1624 1030 1648 an
1063 1611 1241 1662 Capuam
1274 1614 1439 1648 teneret
1473 1612 1519 1649 et

314 1677 540 1715 Antonium
578 1678 813 1735 QQm
851 1674 1067 1712 excludere
1138 1686 1190 1711 an
1227 1676 1306 1710 iret
1341 1671 1393 1710 ad
1434 1677 1519 1712 tres
1552 1662 1567 1675 ⁷

315 1741 421 1790 legio
477 1737 812 1784 sMacedonicas,
832 1749 935 1788 quae
959 1739 1038 1774 iter
1056 1679 1208 1836 {eund
1239 1748 1278 1772 m
1309 1747 1417 1773 mare
1444 1732 1559 1774 Sil-1

314 1751 657 1875 peruri-§acinum
686 1812 784 1851 quas
810 1804 947 1850 sperat
970 1812 1061 1837 suas
1114 1811 1176 1836 sse
1246 1797 1330 1836 Eae
1358 1798 1510 1899 con

315 1867 417 1902 rium
434 1864 494 1902 ab
520 1863 701 1901 Antonio
723 1864 906 1912 accipere
935 1860 1166 1908 noluerunt,
1179 1865 1234 1916 ῳὶ
1260 1859 1326 1898 hic
1354 1798 1510 1912 qu'ffi

315 1931 461 1973 nan-,at
481 1931 525 1965 et
544 1928 581 1963 ei
602 1927 825 1962 convicium
849 1937 970 1976 grave
990 1923 1178 1982 fecerunt
1196 1925 1518 1963 ''contionantem-

302 2002 394 2042 ,que
412 1988 676 2039 reliquerunt.
735 1987 845 2035 Quid
865 1990 1043 2038 quaeris.
1035 1988 1051 2023 ?
1078 1986 1224 2024 ducem
1245 1998 1289 2024 se
1308 1976 1518 2037 ριοῖἰῑῖῒῖῑ

794 2106 808 2129 ¹
830 2107 895 2140 500
911 2105 1057 2141 denarii.

317 2158 393 2191 400
