1572 2378
574 149 805 189 MARCUS
843 148 1088 188 TULLIUS
1127 148 1328 187 CICERO

344 252 479 278 rerum
506 244 733 285 tumorem;
761 240 826 277 cui
854 242 966 276 certe
994 239 1028 276 si
1055 249 1215 288 possem
1241 235 1412 283 mederi,
1433 233 1551 275 desse

343 318 427 344 non
449 305 655 346 deberem.
712 303 795 343 Sed
822 303 935 341 vides
962 305 1236 354 magistratus,
1255 303 1289 340 si
1308 299 1475 353 quidem
1491 299 1551 338 illi

345 374 616 422 magistratus,
628 369 742 408 vides
755 374 895 408 tamen
909 370 1074 420 tyranni
1091 366 1290 406 satellites
1303 369 1346 404 in
1359 366 1551 418 impedis,

345 436 457 476 vides
489 436 673 476 eiusdem
705 438 921 482 exercitus,
949 433 1062 472 vides
1091 435 1134 471 in
1163 433 1293 472 latere
1325 437 1552 480 veteranos,

344 515 448 553 quae
467 507 564 541 sunt
582 502 779 553 εΰρίπιστσ,
796 502 944 547 omnia,
959 512 1028 538 eos
1041 504 1193 546 autem,
1208 501 1277 550 qui
1291 499 1399 537 orbis
1417 503 1550 536 terrae

344 567 536 607 custodiis
554 580 638 606 non
655 566 777 606 modo
795 568 940 617 saepti,
958 578 1099 604 verum
1123 567 1248 604 etiam
1268 566 1408 615 magni
1419 563 1434 589 ¹
1461 575 1550 604 esse

343 633 563 680 debebant,
600 637 763 672 tantum
799 632 920 670 modo
956 630 1111 669 laudari
1147 635 1272 682 atque
1307 631 1446 677 amari,
1476 627 1550 668 sed

343 699 564 750 parietibus
583 700 794 737 contineri.
852 697 991 749 Atque
1010 696 1070 734 illi
1089 708 1251 748 quoquo
1278 684 1400 733 modo
1426 695 1550 742 beati,

341 767 483 805 civitas
501 767 657 804 misera.
705 763 789 804 Sed
807 763 929 802 velim
948 765 1063 809 scire,
1083 764 1153 814 qui
1170 760 1372 800 adventus
1391 759 1549 808 Octavi,

340 844 440 870 num
470 833 540 883 qui
569 842 785 868 concursus
813 828 866 867 ad
897 841 1005 875 eum,
1032 840 1131 866 num
1160 838 1265 878 quae
1301 827 1550 876 νεωτερισμοῦ

308 932 311 937 .
340 899 525 948 suspicio.
582 895 677 933 Non
707 899 807 946 puto
837 893 1040 945 equidem,
1071 891 1144 930 sed
1173 897 1326 938 tamen,
1355 889 1549 943 quicquid

341 968 418 1010 est,
454 965 557 1001 scire
594 964 722 1012 cupio.
791 960 908 998 Haec
946 961 1086 1010 scripsi
1122 957 1174 996 ad
1211 962 1256 997 te
1292 956 1548 1008 proficiscens

342 1028 492 1066 Astura
511 1041 554 1066 ιιι
578 1028 684 1066 Idus.

914 1147 971 1185 VI

727 1244 867 1270 CICERO
898 1242 1037 1267 ATTICO
1064 1241 1093 1267 8.
1125 1240 1163 1269 D·

58 1321 136 1361 Scr.
164 1321 307 1359 Fundis
396 1317 532 1355 Pridie
570 1314 667 1354 Idus
705 1314 857 1352 Fundis
892 1313 1031 1362 accepi
1067 1316 1158 1349 tuas
1194 1310 1352 1348 litteras
1383 1321 1544 1348 cenans.

53 1376 152 1429 Prid-
175 1376 233 1414 Id·
345 1383 521 1421 Primum
550 1383 676 1433 igitur
703 1379 848 1418 melius
877 1391 980 1425 esse,
1009 1376 1161 1415 deinde
1189 1374 1356 1413 meliora
1376 1378 1421 1412 te
1441 1386 1546 1413 nun-

57 1431 141 1483 ‘¹1²²'
140 1460 150 1470 ·
180 1444 215 1469 α·
249 1431 326 1469 710
341 1451 455 1487 tiare.
524 1447 676 1486 Odiosa
711 1445 781 1483 illa
817 1446 927 1483 enim
963 1442 1139 1489 fuerant,
1175 1440 1358 1492 legiones
1394 1441 1542 1479 venire.

342 1515 447 1554 Nam
475 1514 528 1552 de
557 1513 728 1552 Octavio
755 1523 902 1562 susque
931 1508 1076 1560 deque.
1133 1507 1350 1558 Exspecto,
1371 1504 1470 1557 quid
1491 1503 1545 1544 de

340 1581 493 1626 Mari03
521 1591 644 1631 quem
663 1576 829 1629 quidem
857 1588 935 1626 ego
961 1573 1165 1613 sublatum
1185 1572 1301 1610 rebar
1319 1585 1344 1609 a
1363 1570 1543 1611 Caesare.

338 1647 495 1684 Antoni
513 1644 772 1695 conloquium
800 1654 892 1680 cum
920 1640 1109 1678 heroibus
1128 1639 1276 1676 nostris
1294 1649 1366 1688 pro
1384 1649 1428 1674 re
1447 1640 1545 1675 nata

337 1724 420 1749 non
443 1708 754 1748 incommodum.
811 1705 894 1745 Sed
922 1710 1060 1743 tamen
1087 1702 1221 1741 adhuc
1247 1714 1315 1740 me
1342 1700 1444 1738 nihil
1471 1699 1544 1740 de-

336 1776 464 1816 lectat
488 1779 651 1827 praeter
681 1772 777 1811 Idus
806 1771 985 1810 Martias.
1043 1769 1162 1816 Nam,
1181 1770 1369 1820 quoniam
1392 1765 1543 1806 Fundis

336 1855 427 1881 sum
454 1854 546 1879 cum
576 1839 727 1890 Ligure
755 1842 906 1884 nostro,
926 1835 1144 1874 discrucior
1163 1832 1307 1872 Sextili
1327 1831 1500 1870 fundum
1517 1844 1543 1870 a

335 1908 560 1946 verberone
597 1904 766 1943 Curtilio
802 1902 1006 1954 possideri.
1074 1898 1196 1948 Quod
1228 1911 1321 1937 cum
1351 1897 1456 1944 dico,
1487 1895 1541 1936 de

337 1978 425 2012 toto
451 1984 604 2023 genere
632 1970 734 2008 dico.
791 1967 903 2015 Quid
928 1969 1039 2006 enim
1059 1967 1244 2004 miserius
1261 1975 1382 2014 quam
1401 1975 1450 2000 ea
1467 1974 1541 2001 nos

380 2054 392 2074 ¹
418 2054 487 2105 For
502 2053 618 2095 magni
635 2051 819 2084 Manutius
830 2048 1002 2092 proposed
1016 2047 1108 2090 vagi,
1128 2044 1236 2080 Oreus·
1249 2044 1348 2087 ἅγιοι,
1364 2042 1438 2076 and
1452 2041 1542 2076 Rasa

335 2102 475 2131 muniti.

337 2147 416 2181 224
