1572 2378
568 133 795 172 MARCUS
833 132 1077 172 TULLIUS
1116 131 1316 172 CICERO

341 221 434 260 Duo
463 221 629 274 quidem
658 223 770 272 quasi
801 220 1004 271 designati
1035 220 1232 259 consules.
1287 218 1327 259 Ο
1353 219 1397 258 di
1425 220 1544 258 boni!

338 291 437 326 vivit
473 290 669 339 tyrannis,
705 293 903 338 tyrannus
948 285 1119 325 occidit!
1194 285 1292 325 Eius
1336 285 1545 326 interfecti

337 359 468 392 morte
507 353 718 401 laetamur,
756 355 869 391 cuius
906 352 1014 391 facta
1050 351 1334 391 defendimus!
1399 351 1545 405 Itaque

337 433 458 472 quam
495 432 636 458 severe
677 432 750 457 nos
794 418 849 458 M,
890 418 1053 457 Curtius
1098 423 1272 465 accusat,
1309 422 1358 457 ut
1392 417 1546 470 pudeat

338 488 487 532 vivere,
513 497 649 536 neque
678 486 831 522 iniuria.
891 484 997 522 Nam
1024 486 1127 522 mori
1153 483 1314 522 miliens
1341 485 1546 535 praestitit

338 564 458 602 quam
478 550 579 588 haec
598 552 701 600 pati3
731 563 834 600 quae
860 549 960 587 mihi
988 549 1180 588 videntur
1206 548 1394 588 habitura
1421 551 1545 589 etiam

339 621 596 655 vetustatem.

394 682 448 719 Et
471 681 619 719 Balbus
647 680 713 718 hic
741 685 806 720 est
832 680 1090 732 multumque
1108 693 1280 720 mecum.
1337 679 1405 719 Ad
1423 692 1546 733 quem

337 760 363 785 a
385 747 532 785 Vetere
551 747 715 785 litterae
738 746 859 785 datae
885 746 1016 797 pridie
1046 745 1135 787 Kal.
1158 746 1331 794 Ianuar„
1350 759 1443 784 cum
1460 759 1486 784 a
1501 758 1546 785 se

339 812 536 851 Caecilius
564 812 929 851 circumsederetur
957 817 1002 851 et
1028 815 1108 850 iam
1136 817 1360 859 teneretur,
1388 814 1546 851 venisse

339 892 431 916 cum
450 880 634 916 maximis
663 879 788 929 copiis
817 877 1011 916 Pacorum
1042 877 1260 924 Parthum3
1288 880 1347 916 ita
1364 877 1440 916 sibi
1457 889 1546 916 esse

340 957 433 982 eum
453 948 641 995 ereptum
660 943 800 982 multis
825 946 906 982 suis
932 945 1097 982 amissis.
1156 942 1205 981 In
1225 956 1305 995 qua
1323 955 1367 982 re
1385 947 1547 982 accusat

340 1009 583 1049 Volcacium.
655 1009 719 1047 Ita
747 1008 847 1046 mihi
877 1008 1040 1047 videtur
1069 1008 1223 1047 bellum
1253 1007 1354 1047 illud
1383 1010 1546 1047 instare.

340 1074 422 1114 Sed
461 1073 674 1112 Dolabella
711 1078 756 1112 et
794 1073 929 1112 Nicias
971 1073 1159 1112 viderint.
1239 1073 1354 1112 Idem
1400 1072 1548 1112 Balbus

341 1141 507 1179 meliora
525 1140 579 1179 de
599 1139 742 1179 Gallia.
791 1151 858 1178 xm
874 1139 941 1178 die
955 1139 1114 1178 litteras
1127 1138 1306 1179 habebat
1325 1139 1548 1178 Germanos

290 1254 292 1257 .
340 1207 510 1258 illasque
529 1209 716 1244 nationes
734 1219 779 1244 re
797 1205 937 1244 audita
956 1205 1009 1244 de
1028 1205 1197 1244 Caesare
1216 1204 1373 1256 legatos
1393 1207 1549 1245 misisse

339 1272 391 1310 ad
412 1272 636 1318 Aurelium,
663 1274 732 1323 qui
760 1276 824 1310 est
851 1274 1105 1323 praepositus
1123 1272 1175 1309 ab
1196 1271 1346 1318 Hirtio,
1365 1283 1423 1319 se,
1440 1270 1549 1324 quod

341 1341 584 1389 imperatum
611 1342 733 1384 esset,
758 1350 848 1376 esse
873 1336 1060 1376 facturos.
1119 1335 1230 1384 Quid
1250 1337 1438 1388 quaeris?
1464 1349 1548 1375 om-

341 1406 408 1441 nia
427 1403 548 1453 plena
567 1406 688 1453 pacis,
709 1403 828 1441 aliter
846 1416 893 1440 ac
912 1402 1011 1440 mihi
1032 1402 1207 1440 Calvena
1227 1402 1395 1442 dixerat-
1504 1390 1506 1392 V

930 1625 969 1664 X

741 1727 880 1752 clcsno
909 1726 1049 1751 A'r'rico
1078 1725 1156 1751 SAL.

56 1802 136 1841 Sor.
157 1802 196 1840 in
402 1804 520 1842 Itane
552 1805 676 1842 vero?
718 1802 795 1840 hoc
827 1814 942 1841 meus
974 1807 1019 1840 et
1054 1807 1149 1840 tuus
1187 1803 1336 1841 Brutus
1371 1803 1472 1853 egit,
1502 1807 1552 1841 ut

59 1856 265 1949 Ξῖῗῗῗῖῗίηθ
346 1868 502 1906 Lanuvi
530 1873 650 1914 esset,
676 1871 724 1905 ut
748 1866 972 1905 Trebonius
999 1867 1213 1905 itineribus
1239 1866 1367 1905 deviis
1394 1864 1550 1917 profici-

59 1965 156 2003 Mai.
181 1980 216 2004 a.
253 1966 330 2007 710

346 1939 528 1973 scerctur
546 1937 588 1971 in
609 1934 866 1984 provinciam,
887 1937 934 1970 ut
952 1934 1087 1970 omnia
1108 1931 1229 1980 facta,
1247 1934 1408 1983 scripta,
1427 1931 1550 1979 dieta,

346 2001 552 2051 promissa,
567 2002 744 2050 cogitata
759 1998 937 2037 Caesaris
956 1997 1047 2049 plus
1062 1997 1257 2046 valerent,
1272 2010 1393 2050 quam
1411 1998 1446 2035 si
1462 1998 1550 2048 ipse

344 2066 527 2103 viveret?
586 2065 863 2102 Meministine
896 2076 961 2101 me
995 2063 1167 2101 clamare
1200 2062 1269 2100 illo
1302 2065 1389 2114 ipso
1421 2063 1550 2113 primo

345 2123 422 2157 232
