1572 2378
30 1216 108 1253 Scr.
133 1213 171 1252 in
202 1213 295 1251 Tus-

29 1269 160 1308 calano
181 1268 228 1306 K.

34 1325 116 1363 Iun.
138 1337 172 1362 a.
199 1324 275 1362 709

548 157 774 197 MARCUS
813 157 1058 197 TULLIUS
1097 158 1298 197 CICERO

314 247 397 293 bas,
430 246 546 296 plura
582 258 664 284 non
703 248 772 284 vis.
834 245 1063 297 Utrumque
1098 246 1227 284 laudo.
1288 246 1367 285 His
1398 249 1522 299 igitur

315 318 513 356 utendum
543 322 618 356 est.
677 317 820 356 Praesl
848 316 1066 369 aliquando
1089 317 1220 356 factus
1239 317 1378 357 esses²
1397 320 1440 357 in
1458 317 1521 357 his

312 388 480 440 quidem
517 388 677 427 tabulis.
737 388 774 426 A
811 401 878 426 me
917 391 1041 440 igitur
1078 391 1224 428 omnia.
1282 387 1403 436 Quod
1434 389 1522 429 dies

313 460 472 511 longior
490 464 568 507 est,
586 464 799 498 teneamus
818 459 951 507 modo,
972 459 1082 511 quod
1102 459 1298 507 volumus,
1317 466 1416 511 puto
1435 460 1522 500 fore

314 534 433 569 istam
452 533 577 569 etiam
596 543 620 568 a
638 543 839 582 praecone
858 530 981 578 diem,
1002 536 1113 569 certe
1131 531 1184 568 ab
1203 531 1430 570 heredibus.

369 602 434 641 De
457 602 598 654 Crispo
623 608 667 641 et
693 601 872 640 Mustela
891 602 1060 649 videbis,
1080 607 1124 641 et
1143 602 1265 640 velim
1284 605 1400 651 scire,
1418 616 1522 656 quae

313 678 368 713 sit
404 687 495 725 pars
532 674 715 713 duorum.
785 673 850 712 De
882 673 996 712 Bruti
1026 673 1206 712 adventu
1244 687 1353 713 eram
1392 674 1523 714 factus

314 748 473 785 certior.
539 745 752 784 Attulerat
790 748 899 784 enim
937 746 988 783 ab
1029 758 1078 783 eo
1115 746 1308 798 Aegypta
1353 746 1522 787 libertus

313 817 482 855 litteras.
559 817 654 855 Misi
697 816 748 855 ad
795 821 840 855 te
888 816 1116 867 epistulam,
1165 820 1260 869 quia
1306 817 1518 858 commode

313 891 463 940 scripta
492 893 590 926 erat.

892 1028 947 1065 lv

711 1129 850 1154 cronno
881 1128 1021 1154 A'm'lco
1050 1129 1128 1155 SAL.

373 1207 517 1244 Habeo
545 1218 692 1244 munus
719 1219 742 1243 a
770 1211 813 1244 te
842 1205 1092 1244 elaboratum
1118 1207 1261 1246 decem
1281 1208 1516 1260 legatorum.

318 1278 372 1316 Et
389 1277 556 1329 quidem
574 1277 627 1316 de
645 1276 850 1315 Tuditano
863 1276 998 1315 idem⁸
1015 1283 1126 1328 puto.
1177 1278 1281 1317 Nam
1296 1279 1400 1319 filius
1412 1293 1520 1320 anno

316 1355 408 1402 post
420 1354 610 1402 quaestor
620 1348 699 1387 fuit
711 1361 832 1400 quam
846 1348 986 1387 consul
1007 1349 1238 1389 Mummius.
1288 1350 1384 1399 Sed,
1396 1365 1519 1404 quon-

312 1425 391 1460 iam
420 1422 580 1472 saepius
607 1419 660 1458 de
688 1420 919 1458 nominibus
946 1423 1104 1471 quaeris
1129 1421 1225 1472 quid
1252 1422 1423 1473 placeat,
1442 1436 1519 1476 ego

312 1506 473 1545 quoque
500 1493 577 1530 tibi
596 1493 755 1543 saepius
773 1491 1001 1542 respondeo
1021 1491 1191 1542 placere.
1250 1492 1292 1531 Si
1312 1493 1409 1545 quid
1428 1500 1517 1546 pot-

312 1568 405 1614 eris,
433 1578 525 1603 cum
560 1563 705 1602 Pisone
744 1563 955 1609 conficies;
994 1563 1121 1602 Avius
1149 1566 1258 1602 enim
1287 1565 1449 1605 videtur
1475 1570 1515 1606 in

311 1638 438 1676 officio
456 1636 628 1675 futurus.
688 1634 821 1673 Velim
849 1640 946 1673 ante
974 1637 1124 1686 possis;
1152 1637 1186 1674 si
1210 1639 1357 1685 minus,
1376 1641 1516 1691 utique

311 1708 430 1748 simul
467 1711 605 1755 simus,
641 1720 734 1745 cum
775 1706 924 1745 Brutus
966 1709 1106 1744 veniet
1146 1709 1189 1745 in
1231 1707 1512 1750 Tusculanum.

313 1783 454 1833 Magni
481 1774 655 1818 interest
678 1791 771 1816 mea
796 1791 876 1816 una
896 1791 968 1816 nos
989 1791 1087 1816 esse.
1147 1778 1258 1818 Scies
1276 1785 1428 1829 autem,
1447 1785 1514 1835 qui

309 1854 395 1891 dies
429 1855 462 1890 is
495 1851 655 1890 futurus
688 1851 755 1897 sit,
787 1852 820 1888 si
853 1862 979 1900 puero
1013 1853 1224 1899 negotium
1262 1851 1439 1901 dederis,
1467 1858 1516 1892 ut

308 1930 487 1978 quaerat.

529 2011 539 2031 ¹
562 2014 627 2043 est.
649 2010 755 2043 Praes
773 2009 803 2043 0
815 2022 823 2043 ε
849 2019 989 2051 espraes
1005 2009 1057 2042 M.

526 2054 541 2075 ²
563 2065 655 2087 esses
671 2053 818 2086 'Bosiust
844 2056 936 2085 esset
954 2053 998 2085 M
1011 2067 1019 2086 :
1044 2064 1081 2085 es
1097 2057 1134 2086 et
1152 2052 1234 2087 02¹.

526 2099 539 2119 ³
561 2098 605 2130 de
622 2097 801 2130 Tuditano
819 2096 909 2128 idem
927 2097 1044 2129 added
1059 2097 1101 2138 by
1118 2096 1308 2132 Lehmann.

311 2151 386 2184 114
